2484 4334
414 345 578 480 Α

73 568 164 649 buit,
191 577 227 632 et
252 565 403 633 Iustinus
428 587 563 652 quoque
584 579 721 632 centum
743 567 833 632 viros
855 589 926 653 non

74 681 385 781 commemorasset,
413 683 480 748 nisi
499 682 664 750 foetum
685 683 818 770 aliquod
837 687 927 751 inci-

73 802 190 883 disset,
217 792 287 890 quo
308 799 603 888 Carthaginienses
624 815 841 888 cogerentur,
863 827 928 871 no·

72 942 157 984 vum
183 917 249 984 hoo
277 920 460 987 concilium
487 932 663 986 eentum
687 919 840 988 virorum
862 921 927 986 eli-

73 1059 168 1123 gerer
202 1036 347 1126 ideoque
374 1059 494 1104 eorum
523 1019 653 1104 menni>
682 1047 753 1103 n'on
782 1039 825 1104 ad
858 1039 928 1104 de-

73 1146 361 1245 scriptionem
383 1155 529 1221 civitatis
548 1154 692 1234 formae,
712 1154 771 1224 sed
785 1157 927 1225 omnino

73 1273 298 1358 adrerum
337 1285 556 1360 gestarum
597 1273 927 1340 enarrationem

72 1392 230 1481 pertinet.
278 1391 374 1468 Idem
402 1393 492 1458 valet
517 1391 561 1456 de
582 1391 755 1474 Diodoro,
785 1393 827 1458 de
847 1396 926 1482 Ap-

70 1510 176 1598 piano
187 1521 222 1575 et
234 1509 276 1574 de
287 1509 406 1575 ceteris
417 1495 599 1578 historicis.
626 1510 702 1594 „At
717 1511 937 1600 Polybius·

70 1649 206 1714 quoque
225 1626 313 1691 nihil
333 1627 375 1690 de
394 1627 461 1692 illis
482 1625 605 1707 refert3
634 1639 785 1694 attamen
805 1626 835 1694 is
850 1621 928 1695 'non

70 1747 180 1810 solum
208 1743 543 1831 Carthaginiensium
569 1745 750 1811 historiam
777 1759 927 1827 enarrat,

72 1861 132 1926 sed
155 1866 259 1927 etiam
279 1862 322 1925 sle
336 1883 456 1927 eorum
466 1861 675 1947 reipublicae
690 1861 929 1946 gubernandae

70 1979 203 2045 ratione
219 1977 388 2042 disserit“
431 1977 609 2054 Conced03
632 1977 706 2054 serl,
727 1977 931 2044 neoblivis-

71 2108 210 2177 eantur,
246 2092 306 2181 qui
337 2091 422 2156 haee
450 2079 628 2173 ohiioiant‚
664 2092 811 2160 monitos
838 2097 929 2176 volo,

70 2212 256 2301 Polybium
277 2208 365 2274 nihil
385 2208 478 2274 eliud
500 2221 684 2298 spectasse,
718 2232 820 2298 quem
843 2233 928 2280 oon..¹
970 2221 974 2228 ·

71 2329 162 2396 ferre
192 2329 484 2415 Carthaginienses
512 2350 591 2396 oum
618 2328 805 2407 Romanis,
834 2343 870 2396 et
889 2353 931 2398 es
1023 2323 1049 2369 ’·
1159 2399 1161 2406 ,

71 2459 207 2512 tantum
233 2452 457 2524 memorasse,
485 2466 574 2533 quse
590 2443 635 2510 od
654 2445 719 2510 hoo
749 2447 930 2517 consilium
1033 2513 1037 2532 ,
1078 2441 1082 2450 ’

69 2564 231 2643 facerent,
253 2551 473 2652 omisisseque
483 2551 611 2645 omnia,
629 2583 715 2650 quae
728 2585 800 2630 non
813 2577 930 2652 aptam

71 2683 274 2769 praeberent
285 2679 504 2770 comparandi
516 2679 706 2759 materiam,
718 2682 931 2763 potissimum

70 2811 188 2866 autem
215 2821 256 2864 ea
283 2809 420 2866 tuntum
446 2797 621 2882 selegisse,
642 2794 763 2883 quihus
785 2819 930 2888 compa-

67 2916 159 2984 retis
168 2917 404 2984 Romanomm
418 2914 564 3002 gravitas
579 2913 738 2981 erederet
754 2914 930 2988 illustrior.
1001 2943 1004 2956 ’

66 3033 201 3101 Similis
221 3057 325 3102 eausa
343 3045 412 3111 est,
435 3055 496 3098 our
515 3031 638 3100 Livius
659 3041 731 3100 lam
746 3027 855 3115 inulte
870 3047 932 3120 aut

65 3152 221 3218 breviter
243 3165 310 3218 sut
324 3151 467 3218 omnino
483 3171 554 3218 non
567 3161 695 3237 tangat.
740 3153 932 3248 Utrumque

66 3283 187 3339 autem
199 3270 401 3359 scriptorem
416 3269 503 3333 bene
520 3269 720 3354 cognovisse
736 3268 830 3336 huno
849 3291 931 3356 oen-

66 3402 146 3454 tum
168 3389 324 3456 virorum
345 3387 599 3474 magistratum,
619 3387 699 3452 licet
720 3406 840 3454 eorum
860 3411 931 3454 nu-

66 3529 209 3574 merum
229 3518 302 3572 non
319 3488 542 3586 indioaverit,
562 3526 608 3589 en
621 3504 839 3594 sequentibus
853 3527 931 3574 ms·
