2484 4334
640 355 806 490 ..sa

185 664 187 671 y
289 579 519 650 Hannibalem
533 589 686 644 creatum
698 597 769 642 esse
784 577 905 646 ducem
916 599 936 642 a
948 579 1043 666 prin
1053 581 1151 670 cipe

288 701 349 787 τῆς
361 696 536 787 γερουσίας
548 707 583 761 οι
596 694 805 777 senioribus3
841 695 901 761 sed
917 719 987 774 non
1005 699 1085 763 satis
1103 675 1150 764 u‘-

288 829 378 904 quet,
390 829 506 882 unum
515 814 640 892 horum
649 812 816 879 sententia
826 814 1022 902 consiliique
1030 826 1150 880 aucto-

287 935 368 1000 ritas
381 935 463 1000 satis
478 933 641 1012 valuerit,
664 955 710 997 an
726 929 924 1000 confirmari
939 933 1094 1000 debuerit
1109 933 1148 996 iu

287 1050 462 1124 concione.
490 1053 530 1116 In
541 1048 615 1116 aliis
626 1047 739 1116 autem
747 1049 829 1116 locis
840 1050 990 1116 eiusdem
999 1051 1148 1139 scripto-

147 1147 151 1154 ¹
215 1198 219 1207 ²
286 1173 335 1238 ris
351 1171 382 1261 1)
410 1184 445 1236 et
465 1167 504 1235 in
524 1169 669 1258 Polybio
688 1171 721 1255 2)
743 1168 896 1234 narratio
927 1169 969 1234 de
997 1169 1148 1235 Cartba-

286 1289 492 1378 giniensibus
520 1287 624 1354 duoes
646 1309 724 1353 suos
753 1289 952 1376 eligentibus
975 1299 1045 1354 tam
1067 1277 1147 1352 aiis-

285 1408 388 1493 bigna
406 1419 474 1486 est,
495 1418 535 1470 ut
556 1405 724 1493 populum
744 1406 782 1472 in
807 1429 848 1472 eo
870 1383 1013 1474 numero
1042 1405 1145 1470 habi-

185 1532 189 1538 “
286 1538 359 1590 tu'm
378 1523 483 1589 luisse
504 1521 672 1610 probabili
691 1522 829 1610 quidem
851 1524 1045 1590 coniectura
1057 1545 1145 1588 con-

285 1640 394 1723 cludi,
417 1640 476 1708 sed
497 1664 568 1706 non
590 1641 765 1708 evidenter
786 1634 1013 1708 demonstrari
1027 1640 1143 1729 possit.

284 1757 420 1824 Etenim
448 1758 477 1823 si
506 1761 672 1850 Polybius
694 1763 732 1840 5)
760 1759 881 1841 tradit,
899 1758 1144 1827 ,Hannibalem

283 1903 303 1944 a
319 1878 449 1945 civibus
472 1884 561 1956 (τοῖς
573 1877 748 1962 πολίταις)
772 1877 918 1948 electum
933 1889 967 1942 et
981 1877 1024 1941 ad
1038 1899 1142 1943 exer-

264 1999 387 2064 'citum
416 1996 561 2062 missum
587 1985 716 2062 fuisses
749 1995 896 2090 populus
918 1993 1055 2082 quidem
1076 1993 1142 2058 hoc

282 2115 422 2181 nomine
443 2115 763 2203 comprehenditur,
785 2111 844 2178 sed
867 2111 1048 2200 peculiaris
1068 2111 1142 2176 eius
1237 2123 1238 2151 ί

280 2243 430 2320 potestas
446 2230 501 2295 his
522 2231 636 2297 verbis
657 2227 835 2296 manifeste
849 2255 919 2298 non
937 2231 1142 2300 declaratur.
1236 2299 1237 2310 ,

206 2379 212 2384 ·
280 2351 378 2427 Plato
394 2349 434 2430 4)
457 2349 703 2437 rempublicam
726 2349 1038 2437 Carthaginiensem
1067 2373 1141 2438 po-

203 2453 207 2459 ’
278 2469 474 2554 pularem
484 2465 632 2556 quidem
646 2469 810 2556 appellat,
832 2469 923 2558 quod
936 2489 1032 2556 reges
1047 2468 1141 2554 apud

279 2606 336 2649 eos
350 2598 529 2666 creentnr3
551 2585 610 2672 qui
625 2598 740 2652 autem
754 2589 816 2654 hos
832 2589 976 2675 eligant,
997 2599 1142 2679 propter

164 2686 169 2694 ’
278 2702 444 2768 sermonis
466 2703 723 2790 ambiguitatem
743 2707 786 2771 ad
806 2705 976 2794 liquidum
996 2705 1141 2796 perduci

276 2823 405 2906 nequit.
448 2821 646 2889 Verisimile
668 2839 781 2889 autem
799 2836 865 2904 est,
887 2826 1055 2904 populum
1071 2825 1139 2889 hoc
1233 2893 1234 2900 χ

277 2957 487 2970 w-

305 3048 341 3120 1)
362 3046 448 3117 XIV,
470 3047 522 3106 54.
545 3047 626 3120 XV,
651 3051 700 3112 15.

296 3150 334 3222 2)
357 3149 403 3220 II,
425 3151 632 3224 50=1,82.1‚
655 3150 705 3210 25.

295 3251 334 3323 3)
356 3252 388 3319 l,
410 3272 460 3329 77.
483 3252 513 3307 in
535 3250 602 3308 fine.

206 3369 209 3374 ·
236 3435 241 3442 Ι
293 3353 333 3424 lt)
355 3353 437 3427 Diog.
459 3352 580 3411 Laert'
571 3375 601 3408 in
622 3354 694 3410 Plut.
716 3349 743 3434 §.
761 3361 820 3414 82:
843 3346 1048 3430 Πολιτικη
1071 3345 1135 3455 γάρ
1231 3389 1232 3398 1

359 3459 426 3498 sou
446 3432 467 3512 ἦ
489 3436 626 3500 πολιτεία
646 3436 705 3543 spis
723 3442 966 3542 Καρχηδονίων
989 3436 1051 3523 ἔχεο
1070 3461 1134 3522 γαρ

356 3522 580 3600 βασιλεῖς
563 3519 667 3586 aar&
689 3519 816 3604 νόμον.
