2484 4334
478 367 539 430 »53

435 442 597 459 ‹uun-ud·-

89 545 281 631 gotintores,
291 543 525 622 mercatores,
544 567 706 632 agrorum
723 549 941 633 possessores,

87 662 294 728 fabricatum
309 663 517 753 conditores,
546 664 703 752 opifices,
725 661 941 750 publicorum

22 831 30 844 .
87 781 451 865 operumredemlorss,
465 762 632 846 mercium
641 793 820 846 curatores.
842 781 942 844 Hanc

86 887 202 960 autern
221 897 437 983 negotiorum
457 899 719 990 amplitudinem
733 910 766 963 et
779 897 940 984 frequen·
1032 911 1035 918 “

84 1014 167 1078 tiam
180 1015 345 1082 maiorem
357 1039 542 1082 numerum
552 1015 767 1101 litigantium,
779 1014 942 1094 iudicum,

86 1120 352 1213 causidicorum,
391 1133 626 1231 defensorum,
665 1143 960 1220 recuperatorums
1035 1165 1040 1176 =
1138 1155 1139 1162 ¹

85 1249 275 1316 desiderare
304 1273 406 1318 nemo
434 1274 504 1316 non
526 1242 642 1316 [videt.
702 1251 819 1338 Itaque
855 1247 940 1338 opus

85 1379 161 1432 erat
175 1369 343 1454 singulari¹
358 1381 495 1434 centum
517 1369 561 1434 et.
574 1392 626 1456 qn
635 1391 656 1432 a
665 1379 765 1434 tuor
786 1349 941 1434 virorurn

85 1486 225 1571 collegio
239 1487 291 1572 1),
318 1488 377 1573 qui
398 1487 481 1552 haec
508 1487 635 1553 iudicia
663 1483 776 1552 civilia
797 1507 938 1549 exerce-

84 1616 178 1684 rent,
199 1615 234 1667 et
254 1603 295 1668 de
315 1603 425 1670 causis
446 1617 518 1669 tam
538 1604 682 1693 publicis
701 1624 807 1694 quam
822 1602 939 1690 priva-

83 1723 127 1786 tis
148 1719 380 1807 quaestionem
394 1722 572 1803 baberent,
598 1745 742 1804 quarum
756 1721 938 1788 multitudo
974 1695 985 1716 ς

84 1848 181 1902 unta
205 1850 295 1914 erat,
328 1851 366 1902 nt
396 1840 478 1903 alios
506 1839 722 1923 magistratus
750 1851 783 1902 et
803 1838 940 1926 publica

83 1976 230 2020 munera
250 1953 486 2018 administrare
510 1953 698 2038 nequirent.
722 1979 729 2018 ῑ

113 2106 119 2144 ;
167 2069 413 2164 Digersissima
441 2081 556 2135 autem
582 2081 656 2138 orat
684 2069 771 2135 ratio
807 2071 941 2138 consilii

85 2201 255 2258 centum
282 2189 452 2264 virorum,
481 2209 784 2274 quorum.summa
805 2201 942 2262 cureat

85 2303 424 2396 officiapotissimum
437 2305 951 2374 versabanturinsnstentandn
978 2341 981 2352 ·

85 2424 231 2491 civitatis
259 2423 504 2510 gubernatione
530 2435 565 2489 et
591 2425 630 2488 in
658 2425 897 2514 propulsandis
919 2449 940 2490 a

85 2535 257 2632 republica
268 2537 438 2631 periculis.
471 2521 664 2607 Evidenter'
673 2565 754 2609 vero
771 2565 815 2610 ex
827 2543 948 2610 histo-·

84 2662 137 2727 ria
157 2652 383 2738 demonstrari
403 2670 531 2747 potest,
559 2661 627 2724 tale
649 2661 754 2724 consil
755 2660 826 2725 ium
849 2659 951 2746 apud·

85 2777 401 2888 Carthaginienses
391 2776 584 2842 institutum
596 2777 711 2846 fuisse.
740 2777 850 2879 Cum
847 2775 939 2842 enim

80 2896 204 2990 primis
231 2894 439 2985 temporibus
469 2892 646 2972 crescentis
677 2870 822 2959 civitatis
846 2890 940 2976 Mal-

82 3016 169 3082 chus
183 3019 242 3102 2)
231 3028 417 3102 imperator
428 3005 780 3099 Carthaginiensium,
801 3033 859 3098 qur
850 3008 939 3075 &ad
991 3065 993 3076 ,

108 3207 146 3288 1)
168 3208 216 3264 Ad
230 3208 309 3265 hand
324 3178 518 3263 diversitatern
533 3203 671 3284 Virgilius
693 3215 832 3282 spectasse
854 3200 938 3260 vide·
963 3187 971 3201 ’

172 3305 220 3350 tur
240 3293 269 3348 in
293 3292 413 3350 Aeneid.
434 3289 514 3346 Libr.
536 3290 561 3347 Ι.
577 3291 691 3349 uest.
711 3291 801 3362 „lura
823 3287 938 3361 magi-

111 3422 115 3429 .
174 3388 385 3453 stratusque
399 3377 498 3450 legunt
515 3384 700 3450 sanctumque
725 3373 938 3430 Senatum.“

110 3485 151 3557 2)
175 3480 278 3563 rusus.
302 3479 422 3549 xviri,
445 3500 472 3556 7.
