2484 4334
122 528 227 595 dorus
244 539 279 612 1)
301 519 464 619 Po'ly'bius
478 534 516 610 a)
536 541 571 594 'et
585 530 643 594 alii
657 526 760 595 unius
774 515 864 615 regis
878 551 979 596 men-

101 646 253 753 'tionem
268 646 415 726 faciunt,
438 644 598 715 enarrant
614 658 766 731 tantum,
788 646 915 734 aliquid
936 649 978 724 ab
1030 737 1038 761 Ι
1065 671 1072 683 ’

27 794 31 801 ’
122 786 192 831 uno
219 764 368 831 alterove
396 788 477 851 rege
505 766 635 832 factum
665 778 725 831 aut
744 765 890 846 dictum,
919 776 981 833 aut
1094 843 1097 852 ‚

123 881 296 957 decretum
318 895 379 949 aut
399 883 593 949 institutum
616 906 705 966 esse3
736 906 781 948 ex
801 906 869 970 quo
889 905 978 948 neu-

123 998 253 1086 tiquam
281 999 405 1065 eoniici
435 1000 553 1079 debet,
582 1022 690 1067 unum
719 1012 852 1066 tantum
874 1000 978 1065 Sufe-

124 1128 191 1183 tem
210 1116 415 1205 reipublicae
437 1118 635 1205 praefuisse.
677 1119 770 1205 Quid
784 1118 876 1184 enim
892 1113 978 1206 opus

122 1246 195 1301 erat
222 1235 264 1301 de
293 1236 399 1301 altero
429 1256 508 1321 rege
528 1234 640 1323 loqui,
662 1251 751 1314 chm
772 1235 875 1300 unius
896 1256 979 1329 conf

123 1350 198 1417 silia
231 1364 301 1419 aut.
318 1350 407 1419 facta
434 1352 658 1419 memoranda
685 1348 821 1418 esse‘ut?
860 1352 977 1439 Quid?
1003 1366 1006 1370 '

121 1468 212 1556 quod
248 1470 365 1536 multo·
391 1470 525 1560 saepius
559 1470 697 1549 accidit,
732 1492 837 1558 quam
871 1472 977 1557 vulgo

100 1568 280 1674 putatur,
313 1600 352 1653 ut
380 1590 465 1655 alter
491 1588 647 1655 Sufetum
677 1589 884 1674 Carthagine
914 1589 979 1655 ab·
1033 1619 1063 1660 π

120 1716 231 1783 esset,-
260 1704 340 1792 quia
377 1708 504 1777 summi
539 1684 635 1774 ducis
673 1716 825 1777 munere¹
851 1708 976 1796 funge-

119 1823 237 1889 retur?
680 1802 684 1807 ¹

205 1942 271 2009 Sed
291 1942 349 2009 hic
370 1940 501 2028 opeasio
531 1940 617 2007 mihi
640 1940 753 2006 oblate
773 1950 824 2006 est
843 1938 887 2003 de
907 1940 976 2007 mi-

118 2058 376 2149 litariSufetum
388 2058 529 2142 imperio
543 2056 750 2145 disputandi.
770 2059 860 2124 Sunt
871 2057 974 2139 enim,

118 2176 180 2264 qui
208 2176 420 2259 existimant,
442 2198 578 2241 ‘nomen
610 2160 775 2263 βασιλέως
796 2198 976 2242 commune

121 2295 225 2361 fuisse
253 2293 426 2361 Sufetibus
449 2312 528 2360 cum
555 2292 638 2357 belli
656 2292 813 2373 ducibus,
842 2307 876 2361 et
897 2316 974 2360 sae-

35 2438 38 2449 ·
117 2412 255 2501 pissime
286 2434 459 2477 summum
497 2411 740 2501 imperatorem
776 2412 842 2477 hoo
875 2412 976 2492 titulo

119 2530 261 2597 describi
277 2541 336 2596 aut
351 2530 477 2596 ornari.
516 2530 654 2617 Septem
666 2528 888 2620 reperiuntur
906 2530 976 2597 loci
1019 2528 1027 2549 ’

120 2651 344 2741 principales,
384 2649 421 2714 in
443 2646 567 2735 quibus
587 2672 707 2735 regum
729 2670 855 2714 nomen
876 2646 974 2712 duci·

118 2769 182 2835 bus
202 2750 373 2835 tribuitur.
410 2765 564 2832 lustinus
586 2789 709 2853 nempe
726 2766 773 2844 5),
795 2742 983 2853 postquam·

118 2887 160 2951 de
180 2884 349 2974 periculo,
380 2882 422 2949 ad
446 2884 536 2971 quod
560 2882 855 2970 Carthaginienses
873 2882 973 2970 Aga·-
1013 2910 1015 2913 ·

118 2977 240 3069 dioclis
267 3000 483 3091 expeditione
512 3000 649 3067 adducti
677 3011 804 3083 essent,
837 3002 972 3087 inautus

117 3158 327 3175 *-

152 3260 180 3341 1)
204 3286 228 3322 e·
250 3284 276 3323 c.
297 3264 370 3333 XX,
392 3266 445 3348 59t

150 3368 436 3440 nnuma&

143 3464 177 3549 3)
201 3460 298 3536 xxu,
322 3488 351 3539 7.
