2484 4334
693 444 715 505 2

619 520 785 533 a*

344 626 566 711 *Pervulgata
605 636 655 687 est
693 620 809 708 opinio
848 633 880 684 et
912 622 1131 707 antiquorum

278 748 484 837 scriptorum
497 762 664 807 consensu
679 738 830 815 firmata,
853 739 1130 823 gubernationem

279 863 493 963 reipublicae!
507 840 796 943 Carthaginiensis
818 857 855 934 in
885 855 1029 944 optimie
1045 854 1132 920 civi-

278 995 388 1048 tatum
417 978 536 1045 formis
572 973 821 1041 numerandam
861 996 943 1042 esse.
995 973 1132 1039 Etenim

279 1124 348 1166 non
382 1098 482 1165 modo
514 1108 565 1159 tot
593 1093 785 1158 seculorum
816 1090 974 1172 decursu,
1009 1090 1133 1177 quibus

278 1220 419 1285 immota
447 1213 511 1279 fuit
540 1234 578 1275 ac
608 1212 805 1293 immutata,
844 1214 931 1274 hanc
961 1208 1133 1275 civitatem

279 1336 449 1429 sapienter
466 1331 655 1396 institutam
674 1350 744 1393 esse
763 1328 943 1416 probatur,
957 1330 1019 1408 *)
1013 1323 1133 1392 reruni

281 1454 383 1518 'etiem
405 1473 459 1517 res
481 1439 676 1516 Poenorum
699 1446 912 1534 praeclarae,
941 1445 1040 1531 regni
1062 1466 1135 1509 am-

279 1568 411 1661 plitude
425 1590 445 1632 a
447 1577 526 1654 tque
541 1566 742 1647 constantia,
771 1567 986 1655 incepturum
999 1562 1134 1650 magni·

259 1658 405 1764 'tuclus
432 1664 695 1773 uccupationum
735 1677 949 1773 frequentia,
992 1700 1135 1773 operum

250 1816 255 1821 ’
281 1804 533 1903 magnificentia
565 1816 598 1869 et
635 1804 832 1869 divitiarum
867 1804 966 1891 copia
1002 1803 1135 1870 felicem

282 1910 388 2009 gentis
412 1924 641 1989 conditionem
663 1920 931 2011 satis'indi'c'ant,
954 1931 1040 2009 q'nae
1059 1935 1136 1987 ‘tum

271 2040 423 2107 'demum
449 2043 585 2107 turbata
606 2039 692 2119 fuit,
731 2024 809 2106 cuni
838 2038 1025 2107 Romani
1013 2030 1137 2105 mbae
1233 2049 1234 2068 ³

189 2156 194 2173 ‘
283 2148 418 2222 ciuitate
452 2162 580 2226 artibus
610 2160 679 2224 suis
707 2158 924 2256 vehementes
951 2156 1138 2223 discordias

284 2275 488 2341 excitassent
510 2288 543 2342 et
548 2262 728 2365 populuni
745 2247 786 2338 ad
802 2252 1139 2396 deprimendamop·

283 2374 438 2457 bimatum
461 2402 663 2481 potestatem
674 2388 925 2495 sollicitassent.

286 2511 292 2523 ’
370 2504 495 2575 Inter
493 2520 610 2577 omnes'
639 2522 769 2593 eutem,
806 2512 863 2600 qui
893 2512 934 2576 de
965 2481 1140 2601 praeclara

286 2615 491 2716 reipublicae
514 2627 663 2697 Punicae
687 2620 896 2711 conditione,
918 2655 985 2718 qua
1001 2634 1142 2719 insignis

278 2746 353 2832 ι1ιι11
375 2760 453 2813 ante
471 2745 563 2824 ¹belle
585 2742 664 2815 cum
683 2746 849 2814 Romanis
870 2761 980 2835 gesta,
1009 2744 1143 2841 egregie

288 2854 563 2953 disputaverunt,
593 2847 796 2935 'Arietateles
816 2866 972 2956 inprimis
992 2870 1141 2937 laudan-

288 2982 351 3047 dus
374 2997 441 3063 est,
464 2984 521 3071 qni
543 2982 768 3087 Politicorurn
789 2984 878 3050 libre
891 2986 1038 3086 secundo
1055 2989 1142 3053 Car-

289 3094 552 3187 thaginiensium
575 3102 854 3187 gubernationem
868 3116 901 3199 eb
916 3104 1061 3191 civitatis
1078 3105 1143 3170 ad-

290 3276 495 3293 m

332 3394 472 3480 *)Cicer.
503 3400 548 3459 dc
566 3399 693 3478 Republ.
729 3401 773 3459 ed.
804 3400 874 3457 Maii
905 3422 938 3479 p.
972 3404 1040 3459 118
1085 3403 1145 3457 Nec

377 3483 485 3544 tantum
514 3486 659 3569 Certbego
691 3485 838 3543 habuisset
870 3505 961 3562 opum
995 3496 1143 3541 sexcentos

375 3571 434 3627 sere
455 3587 545 3627 annos
566 3570 628 3627 sine
649 3570 826 3628 consiliis
854 3584 881 3627 et
904 3568 1121 3647 disciplina.
