2484 4334
454 347 618 488 Α,

106 574 204 664 quasi
215 573 343 644 invitat
354 576 398 640 ad
413 573 674 664 comparandam
686 573 862 660 utriusque
882 589 963 650 orass

108 694 249 760 tionem.
302 693 370 760 Sed
412 704 581 781 quantum
617 690 732 757 differt
768 689 964 756 Platonicae

108 811 273 897 orationis
295 812 408 900 lepor,
435 809 593 894 dictionis
614 806 799 898 elegantia,
825 819 982 908 senten·-¹

111 929 237 995 tiannn
255 931 365 1020 copia,
383 928 570 1013 notionum
590 928 741 1008 ubertas,
761 927 964 1013 placitorum
1013 946 1017 956 ¹
1057 921 1060 928 ¹

108 1049 298 1116 sublimitas
328 1058 363 1114 et
390 1045 629 1134 disputationis
655 1046 801 1112 varietas
818 1049 860 1114 ab
882 1046 967 1122 sim-

82 1166 262 1253 ‚plicitate
290 1168 349 1232 illa
378 1164 594 1248 Aristotelis,
626 1181 717 1251 quae
748 1185 819 1230 non
840 1161 966 1228 minori

109 1284 368 1370 quidem-lauda
388 1284 492 1370 digna
513 1293 573 1367 eet,
594 1281 666 1359 sed,
688 1305 767 1348 cum
783 1284 879 1350 nullo
895 1303 967 1346 ser-
1007 1255 1012 1266 ⁸

109 1409 222 1468 monis
244 1404 357 1468 colore
378 1413 539 1482 ornetur,
569 1377 708 1466 tandem
728 1399 892 1499 lectorem
907 1406 968 1472 da-

110 1520 245 1605 fatigat,
282 1522 341 1606 qui
369 1543 443 1588 non
469 1520 596 1604 ubique
621 1515 664 1582 de
685 1521 840 1588 omnibus
861 1522 969 1614 iisque

111 1649 189 1703 tam·
215 1637 355 1706 diversis
381 1638 482 1705 rebus
510 1637 608 1703 idem·
632 1635 829 1726 disputandi
863 1666 969 1730 genus

112 1757 289 1844 optaverit.
327 1756 469 1824 Etenim
489 1754 533 1821 ad
553 1755 698 1842 logicam
722 1757 872 1826 formam
885 1739 970 1829 'om-

4 1874 5 1877 '
113 1875 173 1941 nia
194 1875 469 1955 accommodare,
491 1885 526 1938 et
546 1877 748 1941 contrahere
770 1881 971 1963 argumenta
1046 1899 1050 1906 ·

113 1996 152 2059 in
175 1991 428 2059 enunciationes
452 1989 554 2056 nimis
575 1991 694 2056 breves
717 1992 889 2074 eliandus,
912 2005 971 2060 aut

111 2118 184 2178 una
206 2107 508 2197 comprehensione
528 2107 643 2194 plures
665 2108 848 2184 sententias
876 2133 973 2178 com-

115 2227 235 2319 plecti,
255 2239 290 2293 et
311 2225 444 2292 notioni
463 2221 646 2314 principali
666 2229 791 2294 multas
814 2229 973 2318 proposi-

115 2348 224 2413 tiones
246 2344 423 2428 adserere‚'
447 2357 481 2410 et
508 2344 671 2411 orationis
688 2346 972 2438 “consecutionem

117 2465 162 2531 ad
189 2485 300 2553 pauca
329 2464 434 2529 verba
461 2462 610 2541 referre,
640 2475 711 2529 tam
731 2466 903 2554 peculiare
923 2479 973 2534 est

116 2581 311 2653 Aristotelis
339 2581 507 2659 sermoni,
540 2593 581 2647 ut
605 2577 775 2672 κριτήριον
803 2581 974 2670 quoddam

121 2723 166 2766 ex
192 2701 256 2766 hoc
285 2700 449 2784 singulari
484 2699 622 2765 dicendi
658 2711 781 2786 genere
819 2710 974 2764 sumatur

51 2900 59 2907 ,
120 2819 165 2882 ad
193 2840 234 2882 ea
261 2815 519 2902 distinguenda,
558 2839 647 2904 qnae
675 2816 713 2882 in
742 2815 814 2882 eius
842 2817 974 2906 scriptis

119 2923 269 3035 genuina
290 2936 461 3015 sinuant
481 2933 616 3023 spuria,
639 2945 697 2998 ant
713 2934 756 2998 ab
769 2933 842 3000 aliis
856 2957 976 3002 emen·-¹

121 3054 212 3121 data.
263 3052 335 3138 Qui
363 3054 461 3120 enim·
482 3065 604 3118 cuncta
624 3051 741 3140 logicis
763 3055 882 3122 formis
903 3077 976 3121 me·
1085 3110 1089 3120 ,.

121 3172 206 3238 titur
225 3185 262 3238 et
283 3169 326 3240 ad
345 3169 640 3238 ratiocinationem
662 3183 815 3252 revocat,
845 3183 879 3239 et
900 3193 977 3236 om·
1020 3187 1024 3194 '
1058 3193 1064 3204 ·

122 3289 200 3369 nia,
230 3289 322 3357 haud
354 3311 451 3355 secus
476 3311 517 3354 ac
546 3288 589 3354 six
605 3300 717 3354 essent
746 3289 907 3378 physica,
940 3289 977 3355 in

7 3427 12 3436 ·
120 3427 249 3494 genera
277 3419 311 3473 et
340 3406 468 3496 species
488 3406 684 3494 distinguit,
713 3405 853 3490 dividia
881 3406 979 3472 colli·
1041 3381 1044 3392 i

122 3526 188 3610 git:
210 3525 240 3590 is
257 3525 376 3592 eodem
389 3524 556 3591 scribendi
569 3546 693 3620 genere
706 3536 824 3593 utatur
845 3547 979 3593 neeesse
