<?xml version="1.0" encoding="UTF-8"?>
<!DOCTYPE html PUBLIC "-//W3C//DTD XHTML 1.0 Transitional//EN"
    "http://www.w3.org/TR/xhtml1/DTD/xhtml1-transitional.dtd">
<html xmlns="http://www.w3.org/1999/xhtml" xml:lang="en" lang="en">
 <head>
  <title>
</title>
<meta http-equiv="Content-Type" content="text/html;charset=utf-8" />
  <meta name='ocr-system' content='tesseract 3.04.00' />
  <meta name='ocr-capabilities' content='ocr_page ocr_carea ocr_par ocr_line ocrx_word'/>
</head>
<body>
  <div class='ocr_page' id='page_1' title='image "aristotelesdepo00kluggoog_0110.png"; bbox 0 0 2484 4334; ppageno 0'>
   <div class='ocr_carea' id='block_1_1' title="bbox 608 363 773 453">
    <p class='ocr_par' dir='ltr' id='par_1_1' title="bbox 608 363 773 453">
     <span class='ocr_line' id='line_1_1' title="bbox 608 363 773 453; baseline 0.006 -31"><span class='ocrx_word' id='word_1_1' title='bbox 608 363 773 453; x_wconf 36' lang='lat' dir='ltr'><strong>*gs*</strong></span> 
     </span>
    </p>
   </div>
   <div class='ocr_carea' id='block_1_2' title="bbox 160 517 1119 1219">
    <p class='ocr_par' dir='ltr' id='par_1_2' title="bbox 173 517 1119 640">
     <span class='ocr_line' id='line_1_2' title="bbox 173 517 1119 640; baseline -0.001 -33"><span class='ocrx_word' id='word_1_2' title='bbox 173 548 174 555; x_wconf 75' lang='grc'>’</span> <span class='ocrx_word' id='word_1_3' title='bbox 263 517 331 627; x_wconf 81' lang='lat' dir='ltr'><strong>qua</strong></span> <span class='ocrx_word' id='word_1_4' title='bbox 362 538 536 607; x_wconf 82' lang='lat' dir='ltr'>Hannibal</span> <span class='ocrx_word' id='word_1_5' title='bbox 562 539 599 603; x_wconf 81' lang='lat' dir='ltr'><strong>i&#39;u</strong></span> <span class='ocrx_word' id='word_1_6' title='bbox 632 540 781 640; x_wconf 62' lang='lat' dir='ltr'><strong>patriani</strong></span> <span class='ocrx_word' id='word_1_7' title='bbox 798 539 914 607; x_wconf 79' lang='lat' dir='ltr'><strong>&#39;redux</strong></span> <span class='ocrx_word' id='word_1_8' title='bbox 932 540 1075 608; x_wconf 81' lang='lat' dir='ltr'><strong>Praetor</strong></span> <span class='ocrx_word' id='word_1_9' title='bbox 1090 565 1119 606; x_wconf 77' lang='lat' dir='ltr'><strong>a</strong></span> 
     </span>
    </p>

    <p class='ocr_par' dir='ltr' id='par_1_3' title="bbox 261 658 1118 747">
     <span class='ocr_line' id='line_1_3' title="bbox 261 658 1118 747; baseline -0.001 -23"><span class='ocrx_word' id='word_1_10' title='bbox 261 658 364 725; x_wconf 81' lang='lat' dir='ltr'><strong>Livio</strong></span> <span class='ocrx_word' id='word_1_11' title='bbox 379 670 412 723; x_wconf 87' lang='lat' dir='ltr'><strong>et</strong></span> <span class='ocrx_word' id='word_1_12' title='bbox 429 663 562 747; x_wconf 79' lang='lat' dir='ltr'><strong>Nepote</strong></span> <span class='ocrx_word' id='word_1_13' title='bbox 576 659 776 747; x_wconf 86' lang='lat' dir='ltr'><strong>appellatur,</strong></span> <span class='ocrx_word' id='word_1_14' title='bbox 797 680 947 745; x_wconf 89' lang='lat' dir='ltr'><strong>quorum</strong></span> <span class='ocrx_word' id='word_1_15' title='bbox 961 658 1118 726; x_wconf 80' lang='lat' dir='ltr'><strong>narratio</strong></span> 
     </span>
    </p>

    <p class='ocr_par' dir='ltr' id='par_1_4' title="bbox 160 766 1117 987">
     <span class='ocr_line' id='line_1_4' title="bbox 160 766 1117 865; baseline 0.002 -24"><span class='ocrx_word' id='word_1_16' title='bbox 160 766 162 773; x_wconf 68' lang='grc'><strong>’</strong></span> <span class='ocrx_word' id='word_1_17' title='bbox 261 776 412 843; x_wconf 84' lang='lat' dir='ltr'><strong>hocloco</strong></span> <span class='ocrx_word' id='word_1_18' title='bbox 426 778 549 843; x_wconf 84' lang='lat' dir='ltr'><strong>rectius</strong></span> <span class='ocrx_word' id='word_1_19' title='bbox 562 776 766 865; x_wconf 84' lang='lat' dir='ltr'><strong>explicanda</strong></span> <span class='ocrx_word' id='word_1_20' title='bbox 776 788 843 859; x_wconf 82' lang='lat' dir='ltr'><strong>est,</strong></span> <span class='ocrx_word' id='word_1_21' title='bbox 865 796 969 863; x_wconf 87' lang='lat' dir='ltr'><strong>quam</strong></span> <span class='ocrx_word' id='word_1_22' title='bbox 982 796 1005 840; x_wconf 82' lang='lat' dir='ltr'><strong>a</strong></span> <span class='ocrx_word' id='word_1_23' title='bbox 1019 797 1117 843; x_wconf 81' lang='lat' dir='ltr'><strong>eom·</strong></span> 
     </span>
     <span class='ocr_line' id='line_1_5' title="bbox 259 893 844 987; baseline -0.003 -28"><span class='ocrx_word' id='word_1_24' title='bbox 259 893 504 961; x_wconf 85' lang='lat' dir='ltr'><strong>mentatoribus</strong></span> <span class='ocrx_word' id='word_1_25' title='bbox 520 895 679 987; x_wconf 79' lang='lat' dir='ltr'><strong>exposita</strong></span> <span class='ocrx_word' id='word_1_26' title='bbox 700 894 844 960; x_wconf 85' lang='lat' dir='ltr'><strong>videtur.</strong></span> 
     </span>
    </p>

    <p class='ocr_par' dir='ltr' id='par_1_5' title="bbox 294 1008 1118 1101">
     <span class='ocr_line' id='line_1_6' title="bbox 294 1008 1118 1101; baseline 0.004 -27"><span class='ocrx_word' id='word_1_27' title='bbox 294 1066 296 1074; x_wconf 81' lang='grc'>,</span> <span class='ocrx_word' id='word_1_28' title='bbox 344 1014 497 1101; x_wconf 83' lang='lat' dir='ltr'><strong>Uterque</strong></span> <span class='ocrx_word' id='word_1_29' title='bbox 518 1014 663 1101; x_wconf 74' lang='lat' dir='ltr'><strong>scriptor</strong></span> <span class='ocrx_word' id='word_1_30' title='bbox 680 1012 712 1099; x_wconf 90' lang='lat'><strong>*)</strong></span> <span class='ocrx_word' id='word_1_31' title='bbox 733 1010 856 1092; x_wconf 84' lang='lat' dir='ltr'><strong>tradit,</strong></span> <span class='ocrx_word' id='word_1_32' title='bbox 881 1008 1118 1079; x_wconf 77' lang='lat' dir='ltr'><strong>Hannibalem</strong></span> 
     </span>
    </p>

    <p class='ocr_par' dir='ltr' id='par_1_6' title="bbox 171 1103 1116 1219">
     <span class='ocr_line' id='line_1_7' title="bbox 171 1103 1116 1219; baseline -0.005 -18"><span class='ocrx_word' id='word_1_33' title='bbox 171 1194 175 1201; x_wconf 92' lang='lat'>.</span> <span class='ocrx_word' id='word_1_34' title='bbox 259 1153 278 1195; x_wconf 82' lang='lat' dir='ltr'><strong>a</strong></span> <span class='ocrx_word' id='word_1_35' title='bbox 302 1130 637 1219; x_wconf 80' lang='lat' dir='ltr'><strong>Carthaginiensibus</strong></span> <span class='ocrx_word' id='word_1_36' title='bbox 659 1103 895 1201; x_wconf 75' lang='lat' dir='ltr'><strong>Romanorum</strong></span> <span class='ocrx_word' id='word_1_37' title='bbox 915 1132 1011 1197; x_wconf 82' lang='lat' dir='ltr'><strong>iussu</strong></span> <span class='ocrx_word' id='word_1_38' title='bbox 1025 1130 1116 1197; x_wconf 81' lang='lat' dir='ltr'><strong>car-</strong></span> 
     </span>
    </p>
   </div>
   <div class='ocr_carea' id='block_1_3' title="bbox 257 1282 523 1319">
    <p class='ocr_par' dir='ltr' id='par_1_7' title="bbox 257 1282 523 1319">
     <span class='ocr_line' id='line_1_8' title="bbox 261 1282 420 1291; baseline 0.006 -3"><span class='ocrx_word' id='word_1_39' title='bbox 261 1282 264 1291; x_wconf 44' lang='lat' dir='ltr'><strong>i</strong></span> <span class='ocrx_word' id='word_1_40' title='bbox 416 1282 420 1289; x_wconf 84' lang='lat'>.</span> 
     </span>
     <span class='ocr_line' id='line_1_9' title="bbox 257 1298 523 1319; baseline 0.008 -1"><span class='ocrx_word' id='word_1_41' title='bbox 257 1302 468 1319; x_wconf 56' lang='lat' dir='ltr'><em>m</em></span> <span class='ocrx_word' id='word_1_42' title='bbox 519 1298 523 1307; x_wconf 78' lang='grc'><em>’</em></span> 
     </span>
    </p>
   </div>
   <div class='ocr_carea' id='block_1_4' title="bbox 220 1406 1213 3199">
    <p class='ocr_par' dir='ltr' id='par_1_8' title="bbox 220 1406 1195 2181">
     <span class='ocr_line' id='line_1_10' title="bbox 220 1406 1115 1489; baseline 0.002 -23"><span class='ocrx_word' id='word_1_43' title='bbox 220 1410 224 1417; x_wconf 81' lang='grc'><strong>’</strong></span> <span class='ocrx_word' id='word_1_44' title='bbox 341 1406 452 1467; x_wconf 90' lang='lat' dir='ltr'><strong>bellum</strong></span> <span class='ocrx_word' id='word_1_45' title='bbox 474 1411 629 1487; x_wconf 76' lang='lat' dir='ltr'><strong>gerebant,</strong></span> <span class='ocrx_word' id='word_1_46' title='bbox 648 1410 797 1469; x_wconf 87' lang='lat' dir='ltr'><strong>commissa</strong></span> <span class='ocrx_word' id='word_1_47' title='bbox 820 1424 891 1475; x_wconf 87' lang='lat' dir='ltr'><strong>erat.</strong></span> <span class='ocrx_word' id='word_1_48' title='bbox 933 1412 966 1469; x_wconf 87' lang='lat' dir='ltr'><strong>Si</strong></span> <span class='ocrx_word' id='word_1_49' title='bbox 987 1412 1025 1471; x_wconf 86' lang='lat' dir='ltr'><strong>ad</strong></span> <span class='ocrx_word' id='word_1_50' title='bbox 1046 1409 1115 1489; x_wconf 87' lang='lat' dir='ltr'><strong>pri-</strong></span> 
     </span>
     <span class='ocr_line' id='line_1_11' title="bbox 343 1481 1115 1577; baseline 0.005 -26"><span class='ocrx_word' id='word_1_51' title='bbox 343 1496 463 1553; x_wconf 84' lang='lat' dir='ltr'><strong>mariam</strong></span> <span class='ocrx_word' id='word_1_52' title='bbox 484 1497 725 1571; x_wconf 83' lang='lat' dir='ltr'><strong>significationem</strong></span> <span class='ocrx_word' id='word_1_53' title='bbox 753 1481 834 1555; x_wconf 78' lang='lat' dir='ltr'><strong>verbi</strong></span> <span class='ocrx_word' id='word_1_54' title='bbox 862 1499 1017 1577; x_wconf 76' lang='lat' dir='ltr'><strong>respicias,</strong></span> <span class='ocrx_word' id='word_1_55' title='bbox 1041 1518 1115 1577; x_wconf 87' lang='lat' dir='ltr'><strong>per-</strong></span> 
     </span>
     <span class='ocr_line' id='line_1_12' title="bbox 343 1581 1195 1661; baseline -0.001 -22"><span class='ocrx_word' id='word_1_56' title='bbox 343 1581 475 1661; x_wconf 84' lang='lat' dir='ltr'><strong>spicuum</strong></span> <span class='ocrx_word' id='word_1_57' title='bbox 496 1582 566 1657; x_wconf 84' lang='lat' dir='ltr'><strong>erit,</strong></span> <span class='ocrx_word' id='word_1_58' title='bbox 588 1604 640 1641; x_wconf 89' lang='lat' dir='ltr'><strong>eur</strong></span> <span class='ocrx_word' id='word_1_59' title='bbox 654 1604 799 1641; x_wconf 85' lang='lat' dir='ltr'><strong>summum</strong></span> <span class='ocrx_word' id='word_1_60' title='bbox 813 1585 868 1641; x_wconf 90' lang='lat' dir='ltr'><strong>hee</strong></span> <span class='ocrx_word' id='word_1_61' title='bbox 884 1600 988 1646; x_wconf 83' lang='lat' dir='ltr'><strong>munus</strong></span> <span class='ocrx_word' id='word_1_62' title='bbox 1001 1585 1113 1643; x_wconf 84' lang='lat' dir='ltr'><strong>Prae·</strong></span> <span class='ocrx_word' id='word_1_63' title='bbox 1192 1644 1195 1650; x_wconf 50' lang='grc'>,</span> 
     </span>
     <span class='ocr_line' id='line_1_13' title="bbox 340 1667 1114 1729; baseline 0 -6"><span class='ocrx_word' id='word_1_64' title='bbox 340 1667 438 1725; x_wconf 86' lang='lat' dir='ltr'><strong>toris</strong></span> <span class='ocrx_word' id='word_1_65' title='bbox 466 1668 621 1725; x_wconf 88' lang='lat' dir='ltr'><strong>nomine</strong></span> <span class='ocrx_word' id='word_1_66' title='bbox 649 1669 801 1729; x_wconf 86' lang='lat' dir='ltr'><strong>indicetur.</strong></span> <span class='ocrx_word' id='word_1_67' title='bbox 845 1670 892 1726; x_wconf 87' lang='lat' dir='ltr'><strong>Sic</strong></span> <span class='ocrx_word' id='word_1_68' title='bbox 910 1690 1040 1727; x_wconf 89' lang='lat' dir='ltr'><strong>summus</strong></span> <span class='ocrx_word' id='word_1_69' title='bbox 1062 1668 1114 1724; x_wconf 85' lang='lat' dir='ltr'>iIIc</span> 
     </span>
     <span class='ocr_line' id='line_1_14' title="bbox 340 1750 1113 1839; baseline 0.001 -30"><span class='ocrx_word' id='word_1_70' title='bbox 340 1752 539 1829; x_wconf 81' lang='lat' dir='ltr'><strong>magistratus,</strong></span> <span class='ocrx_word' id='word_1_71' title='bbox 560 1754 612 1831; x_wconf 91' lang='lat' dir='ltr'><strong>qui</strong></span> <span class='ocrx_word' id='word_1_72' title='bbox 630 1775 647 1810; x_wconf 88' lang='lat' dir='ltr'><strong>a</strong></span> <span class='ocrx_word' id='word_1_73' title='bbox 669 1755 786 1813; x_wconf 89' lang='lat' dir='ltr'><strong>Graecis</strong></span> <span class='ocrx_word' id='word_1_74' title='bbox 815 1750 962 1839; x_wconf 74' lang='grc' dir='ltr'><em>’Ἄρχων</em></span> <span class='ocrx_word' id='word_1_75' title='bbox 982 1768 1113 1830; x_wconf 80' lang='lat' dir='ltr'><strong>vocatur,</strong></span> 
     </span>
     <span class='ocr_line' id='line_1_15' title="bbox 339 1840 1111 1920; baseline 0 -25"><span class='ocrx_word' id='word_1_76' title='bbox 339 1858 357 1895; x_wconf 88' lang='lat' dir='ltr'><strong>a</strong></span> <span class='ocrx_word' id='word_1_77' title='bbox 384 1840 522 1900; x_wconf 84' lang='lat' dir='ltr'><strong>Romanis</strong></span> <span class='ocrx_word' id='word_1_78' title='bbox 555 1842 714 1899; x_wconf 83' lang='lat' dir='ltr'><strong>Praeter</strong></span> <span class='ocrx_word' id='word_1_79' title='bbox 739 1856 940 1920; x_wconf 84' lang='lat' dir='ltr'><strong>nuncupatur,</strong></span> <span class='ocrx_word' id='word_1_80' title='bbox 970 1848 1111 1899; x_wconf 86' lang='lat' dir='ltr'><strong>nec&#39;non</strong></span> 
     </span>
     <span class='ocr_line' id='line_1_16' title="bbox 338 1913 1138 2004; baseline -0.001 -24"><span class='ocrx_word' id='word_1_81' title='bbox 338 1927 473 1983; x_wconf 82' lang='lat' dir='ltr'><strong>summi</strong></span> <span class='ocrx_word' id='word_1_82' title='bbox 511 1926 627 1985; x_wconf 88' lang='lat' dir='ltr'><strong>duces</strong></span> <span class='ocrx_word' id='word_1_83' title='bbox 664 1929 858 1999; x_wconf 86' lang='lat' dir='ltr'><strong>Graecorum,</strong></span> <span class='ocrx_word' id='word_1_84' title='bbox 902 1927 952 2004; x_wconf 84' lang='lat' dir='ltr'><strong>qui</strong></span> <span class='ocrx_word' id='word_1_85' title='bbox 985 1913 1138 2002; x_wconf 75' lang='lat' dir='ltr'><strong>graviori&#39;</strong></span> 
     </span>
     <span class='ocr_line' id='line_1_17' title="bbox 331 2011 1110 2093; baseline 0.001 -27"><span class='ocrx_word' id='word_1_86' title='bbox 331 2030 427 2069; x_wconf 84' lang='lat' dir='ltr'><strong>seusu</strong></span> <span class='ocrx_word' id='word_1_87' title='bbox 445 2011 658 2093; x_wconf 69' lang='grc' dir='ltr'><em>στρατηγοί</em></span> <span class='ocrx_word' id='word_1_88' title='bbox 677 2013 824 2087; x_wconf 91' lang='lat' dir='ltr'><strong>dicuntur,</strong></span> <span class='ocrx_word' id='word_1_89' title='bbox 839 2036 857 2073; x_wconf 90' lang='lat' dir='ltr'><strong>a</strong></span> <span class='ocrx_word' id='word_1_90' title='bbox 868 2013 1007 2071; x_wconf 86' lang='lat' dir='ltr'><strong>Romanis</strong></span> <span class='ocrx_word' id='word_1_91' title='bbox 1022 2012 1110 2069; x_wconf 82' lang='lat' dir='ltr'><strong>etiam</strong></span> 
     </span>
     <span class='ocr_line' id='line_1_18' title="bbox 335 2092 1111 2181; baseline 0.005 -28"><span class='ocrx_word' id='word_1_92' title='bbox 335 2097 484 2155; x_wconf 84' lang='lat' dir='ltr'><strong>Praetores</strong></span> <span class='ocrx_word' id='word_1_93' title='bbox 510 2104 706 2157; x_wconf 82' lang='lat' dir='ltr'><strong>nominantur.</strong></span> <span class='ocrx_word' id='word_1_94' title='bbox 756 2100 856 2157; x_wconf 86' lang='lat' dir='ltr'><strong>Cicero</strong></span> <span class='ocrx_word' id='word_1_95' title='bbox 887 2094 949 2181; x_wconf 82' lang='lat' dir='ltr'><strong>(off.</strong></span> <span class='ocrx_word' id='word_1_96' title='bbox 976 2118 1009 2178; x_wconf 71' lang='lat'><strong>1,</strong></span> <span class='ocrx_word' id='word_1_97' title='bbox 1041 2092 1111 2173; x_wconf 82' lang='grc' dir='ltr'><strong>4ο.)</strong></span> 
     </span>
    </p>

    <p class='ocr_par' dir='ltr' id='par_1_9' title="bbox 256 2180 1112 2685">
     <span class='ocr_line' id='line_1_19' title="bbox 256 2180 1110 2260; baseline 0.004 -24"><span class='ocrx_word' id='word_1_98' title='bbox 256 2242 259 2249; x_wconf 55' lang='grc'><em>,</em></span> <span class='ocrx_word' id='word_1_99' title='bbox 335 2180 463 2239; x_wconf 84' lang='lat' dir='ltr'><strong>Periclen</strong></span> <span class='ocrx_word' id='word_1_100' title='bbox 486 2196 514 2239; x_wconf 86' lang='lat' dir='ltr'><strong>et</strong></span> <span class='ocrx_word' id='word_1_101' title='bbox 536 2181 700 2259; x_wconf 80' lang='lat' dir='ltr'><strong>Sophoclea</strong></span> <span class='ocrx_word' id='word_1_102' title='bbox 707 2228 720 2257; x_wconf 93' lang='lat'>,</span> <span class='ocrx_word' id='word_1_103' title='bbox 755 2185 806 2260; x_wconf 90' lang='lat' dir='ltr'><strong>qui</strong></span> <span class='ocrx_word' id='word_1_104' title='bbox 828 2186 866 2241; x_wconf 91' lang='lat' dir='ltr'><strong>ab</strong></span> <span class='ocrx_word' id='word_1_105' title='bbox 885 2182 1110 2241; x_wconf 81' lang='lat' dir='ltr'><strong>Atheniensibus</strong></span> 
     </span>
     <span class='ocr_line' id='line_1_20' title="bbox 336 2266 1112 2327; baseline 0.003 -7"><span class='ocrx_word' id='word_1_106' title='bbox 336 2266 473 2323; x_wconf 84' lang='lat' dir='ltr'><strong>adversus</strong></span> <span class='ocrx_word' id='word_1_107' title='bbox 499 2269 745 2326; x_wconf 85' lang='lat' dir='ltr'><strong>Lacedaemonios</strong></span> <span class='ocrx_word' id='word_1_108' title='bbox 775 2272 881 2327; x_wconf 88' lang='lat' dir='ltr'><strong>summi</strong></span> <span class='ocrx_word' id='word_1_109' title='bbox 911 2272 997 2327; x_wconf 90' lang='lat' dir='ltr'><strong>duces</strong></span> <span class='ocrx_word' id='word_1_110' title='bbox 1013 2266 1112 2326; x_wconf 54' lang='lat' dir='ltr'><strong>,creati</strong></span> 
     </span>
     <span class='ocr_line' id='line_1_21' title="bbox 257 2352 1110 2431; baseline 0.006 -27"><span class='ocrx_word' id='word_1_111' title='bbox 257 2364 261 2377; x_wconf 91' lang='grc'>·</span> <span class='ocrx_word' id='word_1_112' title='bbox 336 2362 422 2422; x_wconf 89' lang='lat' dir='ltr'><strong>suut,</strong></span> <span class='ocrx_word' id='word_1_113' title='bbox 451 2352 600 2409; x_wconf 85' lang='lat' dir='ltr'><strong>Praetores</strong></span> <span class='ocrx_word' id='word_1_114' title='bbox 632 2354 769 2431; x_wconf 81' lang='lat' dir='ltr'><strong>appellat.</strong></span> <span class='ocrx_word' id='word_1_115' title='bbox 822 2354 906 2413; x_wconf 82' lang='lat' dir='ltr'><strong>cons.</strong></span> <span class='ocrx_word' id='word_1_116' title='bbox 928 2356 1015 2413; x_wconf 85' lang='lat' dir='ltr'><strong>Diod.</strong></span> <span class='ocrx_word' id='word_1_117' title='bbox 1037 2354 1110 2424; x_wconf 91' lang='lat' dir='ltr'>XII,</span> 
     </span>
     <span class='ocr_line' id='line_1_22' title="bbox 337 2433 1110 2521; baseline 0 -27"><span class='ocrx_word' id='word_1_118' title='bbox 337 2450 368 2514; x_wconf 82' lang='lat'><strong>7·</strong></span> <span class='ocrx_word' id='word_1_119' title='bbox 389 2433 544 2516; x_wconf 75' lang='grc' dir='ltr'><strong><em>Περικλῆς</em></strong></span> <span class='ocrx_word' id='word_1_120' title='bbox 566 2437 707 2517; x_wconf 74' lang='grc' dir='ltr'><strong>αἱρεθεὶς</strong></span> <span class='ocrx_word' id='word_1_121' title='bbox 729 2433 903 2521; x_wconf 72' lang='grc' dir='ltr'><strong>στρατηγός.</strong></span> <span class='ocrx_word' id='word_1_122' title='bbox 936 2444 1038 2499; x_wconf 75' lang='lat' dir='ltr'><strong>lustro.</strong></span> <span class='ocrx_word' id='word_1_123' title='bbox 1051 2442 1110 2510; x_wconf 88' lang='lat' dir='ltr'>III,</span> 
     </span>
     <span class='ocr_line' id='line_1_23' title="bbox 337 2522 1108 2602; baseline 0.005 -27"><span class='ocrx_word' id='word_1_124' title='bbox 337 2540 366 2599; x_wconf 83' lang='lat'><strong>7.</strong></span> <span class='ocrx_word' id='word_1_125' title='bbox 388 2522 452 2578; x_wconf 90' lang='lat' dir='ltr'><strong>Liv.</strong></span> <span class='ocrx_word' id='word_1_126' title='bbox 475 2525 563 2596; x_wconf 85' lang='lat' dir='ltr'>XXI,</span> <span class='ocrx_word' id='word_1_127' title='bbox 585 2544 614 2583; x_wconf 84' lang='lat'><strong>2.</strong></span> <span class='ocrx_word' id='word_1_128' title='bbox 658 2527 776 2584; x_wconf 87' lang='lat' dir='ltr'><strong>Praeter</strong></span> <span class='ocrx_word' id='word_1_129' title='bbox 797 2525 974 2602; x_wconf 83' lang='lat' dir='ltr'><strong>Saguntinus</strong></span> <span class='ocrx_word' id='word_1_130' title='bbox 995 2526 1108 2597; x_wconf 85' lang='lat' dir='ltr'>XXIII,</span> 
     </span>
     <span class='ocr_line' id='line_1_24' title="bbox 338 2608 1104 2685; baseline 0.005 -23"><span class='ocrx_word' id='word_1_131' title='bbox 338 2614 392 2683; x_wconf 82' lang='lat'><strong>19.&#39;</strong></span> <span class='ocrx_word' id='word_1_132' title='bbox 408 2608 517 2680; x_wconf 87' lang='lat' dir='ltr'>XXIX,</span> <span class='ocrx_word' id='word_1_133' title='bbox 537 2626 584 2667; x_wconf 86' lang='lat'><strong>12.</strong></span> <span class='ocrx_word' id='word_1_134' title='bbox 615 2612 726 2685; x_wconf 86' lang='lat' dir='ltr'>XXXI,</span> <span class='ocrx_word' id='word_1_135' title='bbox 740 2614 792 2671; x_wconf 76' lang='lat'><strong>24.</strong></span> <span class='ocrx_word' id='word_1_136' title='bbox 822 2616 981 2669; x_wconf 87' lang='lat' dir='ltr'><strong>Praetor</strong></span> <span class='ocrx_word' id='word_1_137' title='bbox 1007 2608 1104 2666; x_wconf 88' lang='lat' dir='ltr'><strong>Athe-</strong></span> 
     </span>
    </p>

    <p class='ocr_par' dir='ltr' id='par_1_10' title="bbox 224 2690 1213 3106">
     <span class='ocr_line' id='line_1_25' title="bbox 224 2690 1213 2773; baseline 0.01 -29"><span class='ocrx_word' id='word_1_138' title='bbox 224 2698 227 2711; x_wconf 72' lang='lat'><strong>·</strong></span> <span class='ocrx_word' id='word_1_139' title='bbox 308 2690 489 2768; x_wconf 85' lang='lat' dir='ltr'><strong>&#39;niensinm,</strong></span> <span class='ocrx_word' id='word_1_140' title='bbox 509 2698 599 2755; x_wconf 84' lang='lat' dir='ltr'><strong>e.25.</strong></span> <span class='ocrx_word' id='word_1_141' title='bbox 625 2697 776 2773; x_wconf 84' lang='lat' dir='ltr'><strong>Cycliades</strong></span> <span class='ocrx_word' id='word_1_142' title='bbox 795 2700 948 2755; x_wconf 84' lang='lat' dir='ltr'><strong>Praetor</strong></span> <span class='ocrx_word' id='word_1_143' title='bbox 967 2696 1108 2755; x_wconf 81' lang='lat' dir='ltr'><strong>Achaeo-</strong></span> <span class='ocrx_word' id='word_1_144' title='bbox 1203 2706 1213 2721; x_wconf 85' lang='lat'><strong><em>¹</em></strong></span> 
     </span>
     <span class='ocr_line' id='line_1_26' title="bbox 333 2778 1106 2857; baseline 0.003 -24"><span class='ocrx_word' id='word_1_145' title='bbox 333 2796 396 2833; x_wconf 87' lang='lat' dir='ltr'><strong>rum</strong></span> <span class='ocrx_word' id='word_1_146' title='bbox 411 2778 483 2853; x_wconf 77' lang='lat' dir='ltr'><strong>XL,</strong></span> <span class='ocrx_word' id='word_1_147' title='bbox 499 2798 551 2839; x_wconf 86' lang='lat'><strong>21.</strong></span> <span class='ocrx_word' id='word_1_148' title='bbox 568 2784 619 2841; x_wconf 83' lang='grc'><strong>41.</strong></span> <span class='ocrx_word' id='word_1_149' title='bbox 642 2783 742 2857; x_wconf 86' lang='lat' dir='ltr'>XLII,</span> <span class='ocrx_word' id='word_1_150' title='bbox 763 2784 814 2845; x_wconf 79' lang='grc'><strong>45.</strong></span> <span class='ocrx_word' id='word_1_151' title='bbox 835 2784 985 2839; x_wconf 87' lang='lat' dir='ltr'><strong>Praetor</strong></span> <span class='ocrx_word' id='word_1_152' title='bbox 1008 2783 1106 2839; x_wconf 60' lang='lat' dir='ltr'><strong>boeoa</strong></span> 
     </span>
     <span class='ocr_line' id='line_1_27' title="bbox 332 2863 1105 2943; baseline 0.012 -27"><span class='ocrx_word' id='word_1_153' title='bbox 332 2874 436 2919; x_wconf 86' lang='lat' dir='ltr'><strong>torum.</strong></span> <span class='ocrx_word' id='word_1_154' title='bbox 458 2865 537 2941; x_wconf 86' lang='lat' dir='ltr'><strong>Epit.</strong></span> <span class='ocrx_word' id='word_1_155' title='bbox 552 2870 603 2927; x_wconf 84' lang='lat'><strong>50.</strong></span> <span class='ocrx_word' id='word_1_156' title='bbox 624 2871 721 2943; x_wconf 83' lang='lat' dir='ltr'><strong>Nepos</strong></span> <span class='ocrx_word' id='word_1_157' title='bbox 742 2868 830 2929; x_wconf 83' lang='lat' dir='ltr'><strong>Arist.</strong></span> <span class='ocrx_word' id='word_1_158' title='bbox 846 2887 877 2929; x_wconf 84' lang='lat'><strong>2.</strong></span> <span class='ocrx_word' id='word_1_159' title='bbox 901 2866 972 2925; x_wconf 89' lang='lat' dir='ltr'><strong>MiIt.</strong></span> <span class='ocrx_word' id='word_1_160' title='bbox 986 2869 1016 2925; x_wconf 88' lang='grc'><strong>4.</strong></span> <span class='ocrx_word' id='word_1_161' title='bbox 1040 2863 1105 2925; x_wconf 84' lang='lat' dir='ltr'><strong>cic.</strong></span> 
     </span>
     <span class='ocr_line' id='line_1_28' title="bbox 332 2946 1106 3030; baseline 0.013 -30"><span class='ocrx_word' id='word_1_162' title='bbox 332 2946 423 3021; x_wconf 59' lang='lat' dir='ltr'><strong>(juin.</strong></span> <span class='ocrx_word' id='word_1_163' title='bbox 445 2948 477 3018; x_wconf 94' lang='lat' dir='ltr'>I,</span> <span class='ocrx_word' id='word_1_164' title='bbox 500 2952 550 3008; x_wconf 85' lang='lat'><strong>54.</strong></span> <span class='ocrx_word' id='word_1_165' title='bbox 581 2953 694 3008; x_wconf 80' lang='lat' dir='ltr'><strong>Laches</strong></span> <span class='ocrx_word' id='word_1_166' title='bbox 721 2955 856 3030; x_wconf 47' lang='lat' dir='ltr'><strong>Praetor„</strong></span> <span class='ocrx_word' id='word_1_167' title='bbox 878 2954 937 3010; x_wconf 84' lang='lat' dir='ltr'><strong>cic.</strong></span> <span class='ocrx_word' id='word_1_168' title='bbox 961 2953 1042 3010; x_wconf 85' lang='lat' dir='ltr'><strong>Orat.</strong></span> <span class='ocrx_word' id='word_1_169' title='bbox 1072 2954 1106 3010; x_wconf 90' lang='lat' dir='ltr'>H</span> 
     </span>
     <span class='ocr_line' id='line_1_29' title="bbox 329 3024 1101 3106; baseline 0.013 -20"><span class='ocrx_word' id='word_1_170' title='bbox 329 3030 366 3087; x_wconf 87' lang='lat' dir='ltr'><strong>de</strong></span> <span class='ocrx_word' id='word_1_171' title='bbox 391 3024 455 3104; x_wconf 77' lang='lat' dir='ltr'><strong>lege</strong></span> <span class='ocrx_word' id='word_1_172' title='bbox 487 3034 587 3106; x_wconf 79' lang='lat' dir='ltr'><strong>Agrar.</strong></span> <span class='ocrx_word' id='word_1_173' title='bbox 610 3058 635 3095; x_wconf 87' lang='lat' dir='ltr'><strong>e.</strong></span> <span class='ocrx_word' id='word_1_174' title='bbox 657 3040 708 3099; x_wconf 77' lang='lat'><strong>34.</strong></span> <span class='ocrx_word' id='word_1_175' title='bbox 731 3035 779 3095; x_wconf 85' lang='lat' dir='ltr'>CI.</span> <span class='ocrx_word' id='word_1_176' title='bbox 808 3030 927 3104; x_wconf 80' lang='lat' dir='ltr'><strong>Besinm</strong></span> <span class='ocrx_word' id='word_1_177' title='bbox 948 3040 984 3095; x_wconf 88' lang='lat' dir='ltr'><strong>ad</strong></span> <span class='ocrx_word' id='word_1_178' title='bbox 1008 3039 1101 3097; x_wconf 85' lang='lat' dir='ltr'><strong>Corn.</strong></span> 
     </span>
    </p>

    <p class='ocr_par' dir='ltr' id='par_1_11' title="bbox 249 3117 1033 3199">
     <span class='ocr_line' id='line_1_30' title="bbox 249 3117 1033 3199; baseline 0.011 -27"><span class='ocrx_word' id='word_1_179' title='bbox 249 3160 250 3172; x_wconf 64' lang='grc'>,</span> <span class='ocrx_word' id='word_1_180' title='bbox 318 3117 404 3193; x_wconf 68' lang='lat' dir='ltr'><strong>Nep.</strong></span> <span class='ocrx_word' id='word_1_181' title='bbox 426 3118 553 3177; x_wconf 84' lang='lat' dir='ltr'><strong>Hannib.</strong></span> <span class='ocrx_word' id='word_1_182' title='bbox 576 3140 600 3179; x_wconf 88' lang='lat' dir='ltr'><strong>c.</strong></span> <span class='ocrx_word' id='word_1_183' title='bbox 626 3138 655 3199; x_wconf 88' lang='lat'><strong>7.</strong></span> <span class='ocrx_word' id='word_1_184' title='bbox 678 3135 706 3180; x_wconf 89' lang='lat' dir='ltr'><strong>et</strong></span> <span class='ocrx_word' id='word_1_185' title='bbox 728 3123 893 3181; x_wconf 88' lang='lat' dir='ltr'><strong>Tzschuehe</strong></span> <span class='ocrx_word' id='word_1_186' title='bbox 914 3124 952 3181; x_wconf 89' lang='lat' dir='ltr'><strong>ad</strong></span> <span class='ocrx_word' id='word_1_187' title='bbox 967 3122 1033 3181; x_wconf 87' lang='lat' dir='ltr'><strong>h.l.</strong></span> 
     </span>
    </p>
   </div>
   <div class='ocr_carea' id='block_1_5' title="bbox 154 3215 1101 3573">
    <p class='ocr_par' dir='ltr' id='par_1_12' title="bbox 154 3215 1101 3490">
     <span class='ocr_line' id='line_1_31' title="bbox 154 3215 1101 3322; baseline 0.016 -37"><span class='ocrx_word' id='word_1_188' title='bbox 154 3215 160 3235; x_wconf 70' lang='lat'><strong><em>‘</em></strong></span> <span class='ocrx_word' id='word_1_189' title='bbox 273 3224 304 3312; x_wconf 70' lang='lat'><strong>²)</strong></span> <span class='ocrx_word' id='word_1_190' title='bbox 326 3230 391 3289; x_wconf 88' lang='lat' dir='ltr'><strong>Liv.</strong></span> <span class='ocrx_word' id='word_1_191' title='bbox 421 3235 566 3312; x_wconf 86' lang='lat' dir='ltr'>XXXIII,</span> <span class='ocrx_word' id='word_1_192' title='bbox 597 3238 649 3297; x_wconf 84' lang='lat'><strong>46.</strong></span> <span class='ocrx_word' id='word_1_193' title='bbox 680 3231 802 3297; x_wconf 60' lang='lat' dir='ltr'><strong>&#39;Horum</strong></span> <span class='ocrx_word' id='word_1_194' title='bbox 832 3236 1004 3322; x_wconf 84' lang='lat' dir='ltr'><strong>(Indicum,</strong></span> <span class='ocrx_word' id='word_1_195' title='bbox 1027 3237 1049 3295; x_wconf 85' lang='lat' dir='ltr'><strong>i.</strong></span> <span class='ocrx_word' id='word_1_196' title='bbox 1070 3260 1101 3300; x_wconf 81' lang='lat' dir='ltr'><strong>c.</strong></span> 
     </span>
     <span class='ocr_line' id='line_1_32' title="bbox 330 3319 1101 3406; baseline 0.008 -31"><span class='ocrx_word' id='word_1_197' title='bbox 330 3319 582 3379; x_wconf 85' lang='lat' dir='ltr'><strong>Centumvirorum</strong></span> <span class='ocrx_word' id='word_1_198' title='bbox 612 3337 643 3391; x_wconf 84' lang='lat' dir='ltr'><strong>et</strong></span> <span class='ocrx_word' id='word_1_199' title='bbox 667 3321 951 3406; x_wconf 76' lang='lat' dir='ltr'><strong>Quinqueviiorum)</strong></span> <span class='ocrx_word' id='word_1_200' title='bbox 982 3327 1013 3382; x_wconf 89' lang='lat' dir='ltr'><strong>iu</strong></span> <span class='ocrx_word' id='word_1_201' title='bbox 1039 3337 1101 3381; x_wconf 82' lang='lat' dir='ltr'><strong>tum</strong></span> 
     </span>
     <span class='ocr_line' id='line_1_33' title="bbox 327 3401 1101 3490; baseline 0.006 -28"><span class='ocrx_word' id='word_1_202' title='bbox 327 3401 479 3480; x_wconf 84' lang='lat' dir='ltr'><strong>impotenti</strong></span> <span class='ocrx_word' id='word_1_203' title='bbox 507 3424 595 3483; x_wconf 82' lang='lat' dir='ltr'><strong>regno</strong></span> <span class='ocrx_word' id='word_1_204' title='bbox 621 3403 729 3490; x_wconf 83' lang='lat' dir='ltr'><strong>(neque</strong></span> <span class='ocrx_word' id='word_1_205' title='bbox 755 3412 832 3469; x_wconf 86' lang='lat' dir='ltr'><strong>enim</strong></span> <span class='ocrx_word' id='word_1_206' title='bbox 858 3413 980 3471; x_wconf 83' lang='lat' dir='ltr'><strong>civiliter</strong></span> <span class='ocrx_word' id='word_1_207' title='bbox 999 3410 1101 3467; x_wconf 87' lang='lat' dir='ltr'><strong>nimiis</strong></span> 
     </span>
    </p>

    <p class='ocr_par' dir='ltr' id='par_1_13' title="bbox 233 3488 1100 3573">
     <span class='ocr_line' id='line_1_34' title="bbox 233 3488 1100 3573; baseline 0.01 -30"><span class='ocrx_word' id='word_1_208' title='bbox 233 3488 239 3501; x_wconf 68' lang='lat'>⁸</span> <span class='ocrx_word' id='word_1_209' title='bbox 328 3488 432 3565; x_wconf 86' lang='lat' dir='ltr'><strong>opibus</strong></span> <span class='ocrx_word' id='word_1_210' title='bbox 454 3490 621 3573; x_wconf 83' lang='lat' dir='ltr'><strong>utebantur)</strong></span> <span class='ocrx_word' id='word_1_211' title='bbox 647 3498 805 3555; x_wconf 84' lang='lat' dir='ltr'><strong>Praetor</strong></span> <span class='ocrx_word' id='word_1_212' title='bbox 826 3498 919 3557; x_wconf 85' lang='lat' dir='ltr'><strong>sactus</strong></span> <span class='ocrx_word' id='word_1_213' title='bbox 940 3508 984 3555; x_wconf 85' lang='lat' dir='ltr'><strong>est</strong></span> <span class='ocrx_word' id='word_1_214' title='bbox 1012 3497 1100 3553; x_wconf 87' lang='lat' dir='ltr'><strong>Hau-</strong></span> 
     </span>
    </p>
   </div>
   <div class='ocr_carea' id='block_1_6' title="bbox 0 0 1246 4334">
    <p class='ocr_par' dir='ltr' id='par_1_14' title="bbox 0 0 1246 4334">
     <span class='ocr_line' id='line_1_35' title="bbox 0 0 1246 4334; baseline 0 5"><span class='ocrx_word' id='word_1_215' title='bbox 0 0 1246 4334; x_wconf 95' lang='lat' dir='ltr'><strong> </strong></span> 
     </span>
    </p>
   </div>
  </div>
 </body>
</html>
