2484 4334
387 277 391 293 .

385 400 393 409 .
522 334 579 405 “73

117 519 180 587 Hi
201 519 426 598 creabantur,
447 519 517 587 sive
539 530 652 585 essent
671 519 811 588 iuvenes
834 522 984 614 *)‚1sive
1026 549 1033 555 ·

46 710 48 717 ¹
128 646 237 701 aetate
256 636 496 729 provectiores.
517 672 562 687 -
606 636 726 725 Quum
746 638 851 725 igitur
874 659 984 725 neque

120 752 170 823 de
201 767 311 819 aetate
342 766 428 821 natu
460 753 599 821 maioris
620 755 698 841 lilii,
725 778 836 845 neque
865 754 907 819 de
927 777 985 852 se·
1083 754 1095 783 '

126 884 260 938 nectute
281 896 393 939 sermo
416 872 477 951 sit,
499 872 624 962 negari
637 884 760 962 ,tamen
782 895 853 939 non
863 884 985 962 potest,

23 1078 35 1085 .
126 989 171 1073 de
197 1002 308 1057 aetate
338 990 498 1075 universe
529 988 611 1071 dici,
641 1001 676 1056 et
701 1014 807 1079 quum
838 1013 911 1056 non
943 989 985 1054 de
1046 1007 1051 1029 ¹
1136 1017 1144 1027 ‘

129 1110 362 1187 senatoribus,
398 1106 458 1173 sed
490 1106 533 1171 de
559 1105 695 1193 regibus
722 1108 986 1195 Carthaginien-

126 1226 216 1293 sium
233 1239 372 1313 agatur,
392 1224 496 1291 ctiam
517 1224 561 1289 ad
581 1224 646 1292 hos
666 1223 731 1312 τήν
745 1220 887 1326 dissinn-
905 1249 987 1315 per-

98 1346 233 1410 'tinere
254 1356 358 1432 patet.
401 1344 457 1409 Ex
480 1341 697 1433 amplissimis
718 1342 812 1411 enim
830 1344 985 1431 gentibus
1059 1436 1062 1439 ἡ
1105 1369 1108 1376 ·

124 1451 257 1529 sufetes
272 1475 306 1529 et
321 1464 542 1551 imperatores
557 1459 803 1547 deligebantur,
816 1472 851 1527 et
863 1484 985 1549 quam·

125 1578 186 1643 diu
206 1584 245 1643 in
266 1580 381 1647 eadem
402 1579 532 1647 familia
552 1578 620 1646 viri
633 1577 851 1676 facultatibus
864 1592 899 1647 et
911 1580 986 1672 rir-

124 1695 253 1763 tutibus
273 1698 420 1785 insignes
442 1698 645 1781 existerent,
666 1697 871 1765 creabantur
890 1699 988 1765 nulla

124 1814 241 1883 aetatis
255 1828 288 1882 et
301 1815 386 1881 iuris
401 1813 600 1882 succedendi
615 1814 751 1879 ratione
761 1815 890 1884 habita.
924 1814 987 1881 Fi-

122 1930 190 1997 lius
211 1931 316 2017 igitur
335 1930 482 2013 sufetis,
502 1931 575 1999 vita
596 1929 767 2009 defuncti,
793 1942 927 2020 patrem
947 1931 987 1997 iu

122 2047 270 2137 imperio
300 2048 473 2137 exciperet
492 2066 629 2115 necesse
650 2068 723 2115 non
743 2058 836 2131 erat,
863 2046 922 2111 sed
943 2046 986 2129 is,

124 2165 185 2253 qui
218 2154 317 2231 iuter¹
351 2186 470 2233 omnes
506 2165 659 2235 eiusdem
700 2164 837 2255 stirpis
861 2161 1009 2231 virtute

71 2286 74 2297 '
125 2282 273 2369 manime
294 2282 471 2351 excelleret
496 2293 531 2350 et
549 2285 689 2378 populo¹
703 2293 860 2371 acceptus
888 2292 986 2349 esset.

125 2402 203 2467 Hoc
213 2399 391 2466 consilium
407 2410 476 2467 tam
488 2400 662 2490 sapienter
674 2400 867 2468 institutum
882 2398 985 2497 etiam

125 2517 319 2607 impedivit,
340 2517 523 2605 quominus
544 2530 622 2607 post
642 2518 769 2586 Sufetis
790 2527 938 2583 mortem
955 2515 984 2581 is
1025 2560 1028 2565 ι

125 2635 164 2701 iu
194 2631 338 2725 imperio
366 2647 581 2723 sequeretur,
609 2636 669 2723 qui
696 2634 735 2700 in
763 2636 829 2700 hac
855 2632 985 2699 familia

127 2768 265 2837 mortuo
294 2752 405 2819 Sufeti
433 2764 543 2830 aetate
563 2751 742 2840 proximus
764 2762 850 2817 esset
857 2775 867 2831 ;
895 2748 986 2837 quod

127 2880 212 2935 tuuc
240 2869 379 2963 demum
407 2869 484 2936 fieri
512 2868 655 2948 licebat,
685 2867 715 2934 si
735 2866 825 2936 idem
845 2878 985 2934 cunctos

125 2997 314 3075 praestaret
330 2986 565 3079 hortamentis
585 2978 709 3055 indole.
753 2985 823 3053 Ubi
844 3007 926 3052 vero
946 2984 985 3049 in

125 3116 224 3191 gente
252 3100 379 3171 illustri
410 3106 526 3173 nullus
560 3104 707 3197 arnplins
738 3100 984 3183 inveniebatur,
1064 3079 1070 3089 Ι

135 3414 139 3419 '
158 3401 360 3479 *)'Hsni1ibal
380 3397 501 3476 Magnus
523 3420 600 3460 anno
622 3397 901 3459 vicesimosecundo
922 3418 985 3455 rex
1028 3404 1035 3414 '

141 3482 145 3497 ’
178 3530 182 3539 .
217 3490 308 3545 laetus
334 3500 406 3565 est„
428 3486 498 3560 vid.
522 3490 624 3565 Nepot.
646 3487 677 3545 in
698 3484 825 3544 Hannib.
847 3481 871 3541 c'.
897 3505 923 3562 7.
