2484 4334
470 376 636 465 ..n

130 549 303 621 licentiam
316 550 478 637 designat.
521 550 652 619 Omnes
665 554 780 617 autem
793 546 831 613 hi
843 557 985 615 conatus

132 668 378 761 supervacanei
399 681 497 752 sunt,
527 669 609 757 qnia
627 670 724 735 locus
743 688 845 735 sanus
863 678 932 749 est,
952 677 987 740 et

128 810 207 855 mea
228 786 507 875 interpretatione
519 782 632 857 omnis
646 762 1008 855 obscuritastollitur(
1121 832 1127 844 .

130 903 254 987 Addidi
274 905 358 973 haeo
377 905 496 989 modo,
524 918 565 971 ut
583 902 816 987 ostenderem,
845 903 886 971 in
906 904 987 993 qui-

131 1024 194 1099 bus
221 1025 351 1107 verbis,
382 1026 411 1091 si
440 1022 541 1095 lectio
569 1024 776 1112 interpolata
796 1035 901 1109 esset,
931 1021 987 1090 ri-

11 1158 13 1163 ·
65 1166 67 1174 ·
131 1142 217 1211 tium
237 1142 411 1209 resideret.

218 1263 318 1350 Quae
347 1285 426 1329 oum
453 1262 502 1327 ita
532 1260 620 1339 sint,
651 1283 723 1329 non
743 1259 884 1327 difficile
913 1260 991 1340 erit,

132 1380 329 1470 opinionem
351 1379 548 1446 Schneideri
564 1380 774 1468 redarguere,
796 1378 855 1467 qui
871 1358 989 1449 emen·

133 1500 305 1575 dationem
338 1522 387 1565 ex*
419 1522 460 1565 ea
493 1521 595 1565 causa
628 1501 732 1565 etiam
761 1497 989 1565 necessariam

133 1629 252 1708 putat,
282 1612 373 1703 quod
395 1618 528 1689 nullum
548 1638 671 1703 regum
696 1616 990 1686 Lacedaemonio-

133 1760 213 1811 rum
234 1714 431 1824 exemplum
452 1747 563 1801 exstet
584 1758 648 1801 nec
671 1736 917 1824 a'philosopho
937 1734 992 1801 al·

132 1856 241 1923 latum
269 1854 329 1934 sit,
360 1876 426 1938 quo
448 1853 746 1940 probetur,·reges
767 1864 908 1941 propter
933 1845 993 1921 sd-

122 1972 269 2041 ,πέλειαν
310 1968 486 2058 publicum
531 1968 750 2035 commodum
786 1969 991 2065 prodidisse.

134 2090 225 2155 Cum
254 2085 308 2153 vir
337 2086 457 2153 doetus
483 2082 548 2173 τήν
584 2078 757 2155 εὐτέλειαν
786 2086 828 2153 ad
861 2085 1007 2175 generis*

135 2205 377 2273 obscuritatem
399 2218 434 2271 et
453 2206 496 2273 ad
518 2218 756 2294 paupertatem
776 2206 993 2277 referendam

137 2346 208 2391 esse
235 2336 389 2406 censeat,
416 2301 549 2408 miror}
575 2340 639 2391 cur
665 2324 731 2391 hoc
760 2324 858 2391 inani
889 2349 994 2415 urgu-

134 2446 251 2511 ment'o
279 2453 397 2509 utatur
427 2443 471 2509 ad
500 2464 597 2525 suam
631 2443 830 2532 opinionem
863 2446 995 2513 confir-

136 2564 307 2632 mandam.
351 2562 441 2627 Cnm
463 2561 555 2627 enim
574 2582 797 2649 nunquam
817 2565 995 2631 Lacedae.

138 2669 334 2749 moniorum
355 2698 449 2765 reges
471 2700 515 2746 ex
536 2673 681 2745 obscura
702 2693 801 2765 gente
814 2684 995 2749 naticrea·

137 2810 272 2879 rentur,
296 2796 355 2865 sed
377 2818 512 2884 semper
533 2818 577 2861 ex
595 2798 858 2865 Heraclidarum
869 2799 995 2867 illustri
1069 2870 1074 2887 Α,
1110 2819 1129 2843 '-

138 2919 264 3006 stirpes
295 2915 371 2981 fieri
393 2936 527 3001 quoque
548 2935 621 2977 non
641 2927 793 3003 poterat,
814 2928 854 2981 ut
874 2933 1022 2987 exesus
1097 2954 1100 2959 -
1192 2963 1195 2968 ⁴

136 3036 236 3124 plum
256 3032 393 3121 aliquod
422 3028 653 3110 inveniretur,
678 3054 746 3121 quo
778 3036 996 3123 probaretur,
1016 3053 1027 3079 ⁰

135 3162 233 3241 'reges
256 3155 440 3242 Spartanos
462 3149 668 3238 reipublicae
696 3154 869 3233 nocuisse,
903 3155 996 3243 quod

137 3294 184 3337 ex
203 3249 345 3357 ignoiaili
363 3268 493 3334 familia
514 3270 580 3335 orti
602 3281 724 3335 essent.
766 3273 884 3360 Itaque
905 3272 996 3361 qnod

138 3410 213 3472 non
227 3388 356 3455 exstitit
365 3399 399 3452 et
413 3408 589 3473 nunquam
600 3389 676 3454 fieri
688 3400 831 3477 poterat,
853 3390 996 3458 Schnei-

139 3508 243 3573 derus
257 3520 259 3527 '
273 3525 540 3575 commemorare
564 3509 663 3574 nullo
694 3520 798 3597 pacto
834 3508 997 3575 debuerat
