2484 4334
455 358 621 448 „n-

111 556 202 626 quae
232 533 317 605 scitu
339 532 441 618 digua
461 505 694 626 haberentur,
715 533 818 600 onius·
832 534 968 618 itinera,
1014 593 1018 608 ,

110 649 273 719 historiae
287 651 450 735 usturalis
465 633 629 734 studium,
651 653 886 740 occupationes
902 665 968 718 tam
1017 631 1024 642 ¹

111 767 318 856 multiplices
352 779 387 834 et
421 768 584 858 temporis
613 769 847 859 dispendium,
877 771 970 866 quod

115 909 194 955 cum
220 887 286 952 hac
317 909 436 954 rerum
471 886 704 976 physicarum
738 889 971 956 observatione

63 1084 67 1091 ι
115 1003 337 1071 coniunctum
359 1017 426 1085 est,
455 1006 564 1071 multa
592 1019 704 1073 essent
724 1006 972 1100 impedimenta,

115 1098 300 1211 quomirius
329 1123 484 1188 animm
510 1123 553 1188 ad
585 1123 736 1213 quietam
756 1125 972 1192 intuitionem

115 1253 151 1309 et
163 1242 206 1307 ad
218 1243 327 1308 solam
342 1241 597 1309 meditationem
609 1242 810 1309 adverteret.
844 1239 974 1328 Magna

114 1361 223 1447 igitur
242 1384 324 1450 pars
343 1360 640 1428 Aristotelicorum
660 1361 868 1451 scriptorum
890 1348 975 1425 eon·
995 1348 999 1359 ’

117 1479 206 1544 tinet
224 1479 353 1567 primas
365 1478 472 1546 lineas
488 1479 737 1569 quaestionum,
759 1452 976 1544 inionnatio-

84 1671 94 1680 p
117 1619 178 1664 nes
184 1645 197 1678 ,
225 1596 520 1677 adumbrationes,
547 1598 802 1676 adnotationes,
833 1595 917 1685 quas
937 1595 976 1660 in

50 1747 72 1810 Ἰ
118 1714 321 1782 adversariis
343 1714 412 1781 suis
435 1698 590 1782 exorauit
607 1716 657 1802 *),
686 1728 726 1782 ut
743 1739 822 1791 eas,¹
841 1699 976 1801 qnando
999 1753 1000 1760 κ

118 1834 228 1902 otium
249 1845 284 1900 et
296 1831 412 1920 quieta
423 1856 543 1898 rerum
558 1832 707 1899 conditio
722 1832 759 1898 id
777 1851 979 1896 concessura
1043 1841 1044 1848 ’

118 1963 227 2028 esset,
253 1950 461 2028 elaboraret,
494 1925 698 2017 retractaret
725 1959 760 2011 et
786 1948 979 2032 diligentius

118 2069 337 2156 explanaret.
381 2063 438 2130 Sic
456 2065 569 2130 multa
588 2064 628 2131 in
648 2063 722 2130 eius
744 2064 903 2152 operibus
924 2064 980 2129 in-

119 2185 327 2266 veniuntur,
371 2204 460 2268 quae
492 2204 563 2246 nou
598 2181 751 2248 fatorum
785 2169 914 2250 iniuria
946 2195 982 2248 et

119 2302 340 2371 librariorum
373 2298 568 2385 ignorantia
595 2299 640 2366 ad
671 2323 734 2386 uos
764 2299 982 2390 pervenerint
1050 2307 1053 2310 ’

122 2433 305 2510 corrupta,
339 2416 400 2483 sed
428 2418 471 2484 ab
498 2410 636 2484 auctore
661 2420 737 2510 ipso
764 2418 924 2486 inchoata
944 2419 996 2516 inp
1073 2418 1080 2431 '

123 2539 254 2607 schedis
281 2535 401 2606 relicta
430 2547 509 2624 post
535 2535 608 2603 eius
636 2549 783 2604 mortem
811 2537 983 2626 exscripta

123 2670 159 2724 'et
177 2657 242 2724 toti
256 2655 425 2726 librorum
439 2655 629 2724 collectioni
640 2656 768 2722 inserta
783 2654 860 2720 sint
902 2655 983 2721 Hoc

124 2788 240 2842 autem
260 2771 426 2840 iudicium
447 2772 490 2836 de
513 2773 681 2859 probabili
704 2771 813 2860 prima
836 2771 983 2861 scripto-

98 2903 205 2963 'rum
235 2890 535 2960 Aristotelicorum
568 2887 781 2966 conditione,
816 2913 918 2974 quam
946 2889 983 2953 in
1032 2883 1035 2889 ’

125 3011 273 3076 editione
299 3009 381 3078 artis
404 3011 554 3098 poeticae
575 3007 768 3075 Aristotelis
790 3005 984 3096 praeclarus

125 3133 350 3200 Hermaunus
386 3149 512 3213 magno
546 3149 626 3195 eum
659 3125 802 3214 ingenii·
826 3125 990 3192 acumine,

57 3296 62 3306 ·
127 3279 340 3312 -··-····-···s

165 3390 195 3478 *)
218 3395 258 3451 Ut
283 3392 354 3451 alios
382 3405 508 3461 moestu,
534 3388 686 3448 manifesto
715 3401 782 3446 sunt
811 3389 984 3452 documento

214 3479 471 3538 Oeconomicorum
493 3475 559 3534 libri
582 3477 642 3532 duo
664 3475 840 3552 superstites.
