2484 4334
633 403 797 490 “ao-

284 578 358 646 dini
387 593 546 641 concessa
574 554 680 640 fuisse
701 586 735 642 et
756 553 947 665 potentiam¹
972 577 1147 668 sapienter

242 696 247 706 ’
273 694 502 773 ¹distributam
523 693 614 761 inter
634 694 767 762 Sufetes
789 716 869 760 cum
890 694 961 760 suis
984 710 1146 771 centum-

284 814 368 882 viris
387 824 421 878 et
435 811 526 879 inter
548 813 714 900 reliquam
729 807 868 880 &enatus
883 825 1017 904 partem
1029 827 1063 880 et
1077 826 1146 903 'po-
1224 825 1225 832 ’

274 926 462 1022 ¹pulum‘’‘).
511 931 639 996 Utrum
661 931 717 997 hic
740 932 776 997 in
798 933 933 1019 regibus
954 947 987 999 et
1002 937 1146 1002 summis

284 1050 427 1116 ducibus
448 1049 893 1141 creandis-praerogativam
905 1045 1144 1120 auctoritatem

283 1167 457 1247 habuerit,
486 1189 534 1232 an
552 1189 633 1233 cum
654 1168 813 1236 omnibus
835 1169 965 1237 civibus
987 1193 1146 1244 commu-

283 1287 470 1367 nicaverit,
486 1307 532 1350 ex
553 1285 722 1374 ambiguis
744 1289 950 1402 scriptorum
972 1289 1145 1356 narratio-
1184 1324 1188 1348 ι

282 1407 382 1470 nibus
403 1425 475 1468 non
496 1401 577 1468 satis
598 1405 780 1475 manifeste
802 1419 953 1498 apparet.

369 1521 476 1593 Ratio
505 1543 588 1587 vero
618 1521 770 1593 maxime
796 1527 998 1616 probabilia,
1034 1513 1144 1590 imino

283 1645 355 1710 sere
385 1653 478 1708 corta
507 1637 591 1706 haec
621 1644 708 1711 mihi
736 1646 884 1714 videtur.
936 1619 1144 1734 Optithat'es,

299 1821 506 1840 -Ἦ

369 1943 409 2003 ita
442 1935 532 2004 miita
560 1942 679 2004 fuerunt
705 1957 733 2002 et
761 1944 791 2002 in
822 1945 875 2001 hac
903 1944 1017 2000 civitate
1047 1953 1076 1998 et
1111 1942 1142 1998 in

366 2031 661 2092 Lacedaemoniorum
683 2043 712 2088 et
733 2029 764 2086 in
786 2028 1087 2105 Carthaginiensium,
1111 2039 1143 2083 ut

366 2130 523 2196 temperata
566 2116 649 2173 nullo
684 2115 792 2172 suerint
825 2117 924 2174 modo.
960 2145 1004 2163 ι-
1063 2116 1142 2189 llaec

277 2264 287 2268 ,
364 2201 509 2262 distinctio
543 2200 720 2279 reipublicae
753 2199 861 2260 mixtae
893 2214 924 2258 et
952 2211 1142 2278 temperatae,

368 2287 392 2343 ai
415 2292 452 2346 ad
473 2286 751 2362 Carthaginiensium
765 2285 908 2344 civitatem
921 2282 1068 2359 reseratur,
1090 2285 1142 2362 di3

369 2393 452 2432 versa
480 2387 610 2450 tempora
647 2371 855 2448 complectitur.
912 2372 1036 2430 Romani
1062 2369 1141 2428 enim

366 2459 475 2518 artibus
498 2460 560 2518 suia
581 2472 610 2516 et
631 2456 890 2516 machinationibus
920 2457 996 2516 banc
1023 2470 1141 2534 tempe-

366 2545 527 2616 rationem,
549 2564 625 2621 quae
646 2557 712 2602 ante
733 2543 839 2604 Punica
858 2541 1003 2602 bellatam
1019 2539 1141 2622 sapien-

368 2643 411 2687 ter
433 2643 461 2688 et
481 2631 628 2689 moderate
648 2629 802 2688 constituta
824 2641 902 2700 erat,
921 2629 1139 2705 perturbarunt.

366 2720 432 2790 Quo
461 2715 570 2774 lactum
597 2727 662 2788 est,
697 2726 730 2771 ut
757 2715 843 2772 mixta
879 2714 976 2792 aliqua
1011 2713 1139 2773 conditio

364 2801 506 2873 oriretur,
543 2823 636 2880 quae,
670 2820 735 2858 cum
770 2799 974 2876 aequabilitate
1003 2815 1030 2858 et
1065 2801 1139 2856 iusta

239 2956 249 2972 .
303 2892 317 2965 Ἰ
363 2889 553 2984 proportione
588 2897 696 2945 careret
732 2885 872 2962 nulloque
907 2899 984 2944 arcto
1022 2885 1139 2945 vinculo

364 2971 575 3048 contineretur,
597 2994 631 3032 eo
652 2968 763 3029 facilius
784 2971 970 3031 dissolvenda
988 2984 1072 3031 esset.

299 3099 329 3190 *)
365 3105 468 3207 Polyb.
491 3107 543 3177 VI,
557 3105 609 3165 51.
626 3095 714 3165 Τὸδὲ
727 3103 965 3202 Καρχηδονίων
968 3102 1138 3180 πολίτευμα

362 3184 398 3251 tri
417 3190 474 3270 μὲν
500 3184 659 3252 ἀνέκαθέν
686 3211 741 3268 μοι
760 3191 846 3254 δοκεῖ
877 3185 980 3260 καλῶς
1001 3181 1080 3251 κατά
1105 3209 1139 3267 ye

362 3271 419 3348 mic
438 3271 620 3379 ‹iiooxanaie²
629 3271 780 3377 διαφοραῖς
808 3274 1028 3338 normanniae.
1071 3273 1139 3335 nat

359 3357 421 3464 reip
441 3361 578 3442 βασιλεῖς
598 3363 677 3434 ἦσαν
698 3358 770 3441 παρ’
789 3358 905 3436 αὐτοῖς,
926 3363 979 3423 καὶ
1007 3356 1044 3423 rei
1074 3363 1137 3422 Γε-

363 3443 483 3553 primur
495 3445 569 3553 ιῖχιτ
576 3470 633 3522 την
639 3440 902 3548 ἅριστοκρατικην
917 3447 1069 3521 ἐξουσίαν,
1085 3446 1139 3508 και

362 3557 399 3597 το
389 3530 534 3608 πλῆθος
548 3523 588 3608 ἦν
607 3525 714 3615 κύριον
734 3537 795 3596 raia
819 3525 1022 3610 καθηκόντων
1043 3524 1138 3612 αὐτῷ

957 3739 962 3744 .
1010 3705 1024 3734 0
