2484 4334
466 362 633 453 25-

863 490 867 514 t
946 485 954 512 Ι

121 538 181 605 sed
204 562 225 604 a
247 537 489 608 Grammaticis
510 540 663 629 probata.
713 533 867 629 Edcslsle
886 535 977 630 α’νὴρ

123 656 340 737 nominatur,
372 658 431 745 qui
459 670 520 753 aut
548 659 701 746 exigui
725 670 787 724 aut
806 659 977 726 nullius

122 786 188 840 est
207 776 363 864 pretii,
383 778 439 844 vir
459 776 639 844 mediocris
658 777 807 864 ingenii,
829 777 977 847 virvut-
1150 776 1157 787 ’

123 893 213 980 garis
224 916 295 959 non
308 916 432 981 genere
445 896 503 961 sed
526 896 684 981 animo,
703 897 759 964 vir
770 897 867 977 levis,
888 898 978 982 vilis,

123 1010 183 1097 qui
218 1026 312 1079 earet
347 1015 512 1101 gravitate
545 1028 578 1082 et
613 1019 737 1082 mentis
773 1016 979 1083 excelsitate.
1010 1008 1019 1030 '

122 1128 241 1217 Itaque
262 1130 346 1197 haec
367 1132 464 1200 verbi
483 1143 637 1222 potestas
654 1132 698 1197 ad
715 1133 914 1221 ingenium,
935 1136 980 1201 ad
1022 1190 1037 1205 .,
1124 1188 1127 1193 .

23 1327 26 1335 Ι
123 1270 236 1339 mores
263 1260 296 1315 et
324 1250 431 1317 animi
458 1250 686 1319 humilitatem
713 1251 893 1317 referenda
920 1264 980 1337 est,

123 1387 210 1453 quae
239 1367 382 1455 perinde
403 1368 440 1433 in
459 1370 676 1458 amplissimis
697 1369 795 1437 acin
816 1370 980 1459 pauperi-

122 1483 186 1549 bus
215 1485 299 1551 viris
328 1486 506 1575 reperitur.
560 1488 664 1554 Hanc
697 1486 979 1587 significationem

124 1601 290 1685 Timaeus
301 1600 446 1693 'quoque
461 1626 644 1691 agnoscere
656 1606 805 1688 videtur,
826 1606 885 1693 qui
899 1582 980 1697 plu·
1047 1641 1050 1645 ⁴

122 1743 178 1785 res
199 1722 291 1787 locos
314 1710 497 1789 e'Platone
522 1720 660 1804 laudat,
696 1724 733 1789 in
760 1713 884 1810 quibus
909 1747 981 1790 vox

122 1839 251 1925 φαῦλος
271 1838 486 1920 inveniatur,
508 1864 576 1927 qua
598 1864 671 1905 non
691 1842 802 1907 solum
814 1862 870 1907 res
884 1840 982 1922 viles,

63 2018 68 2043 ,
122 1954 183 2017 sed
205 1956 308 2021 etiam
329 1956 486 2021 homines
508 1958 647 2040 abiecti,
677 1956 798 2038 rudes,
820 1958 983 2057 imperiti,
1023 1973 1027 1984 “

122 2066 327 2138 inhumaui'
350 2068 577 2139 declarentur.
640 2074 759 2143 Ve‘rbo
804 2068 983 2160 εὐτελής
1034 2075 1041 2155 J

123 2200 240 2268 autem
262 2208 361 2277 saepe
383 2192 559 2257 candem
580 2192 720 2259 inesse
739 2190 843 2271 vim,
862 2212 984 2278 quam

126 2307 340 2373 vocabulo
368 2308 530 2397 φαῦλος
551 2309 668 2389 docet,
695 2309 897 2402 stulterum
919 2330 983 2397 per
1070 2304 1074 2308 ’

127 2426 273 2493 alterum
297 2425 463 2513 explicat„
498 2428 629 2493 Omnia
649 2450 752 2509 vero,
779 2449 870 2514 quac
890 2424 983 2491 dixi-

127 2567 221 2615 mus,
240 2554 279 2609 ut
292 2542 618 2627 demonstraremus,
642 2546 689 2610 de>
702 2544 837 2633 regibus
848 2554 984 2611 tantum

129 2661 195 2747 agi.
204 2672 239 2727 et
260 2660 303 2727 de
316 2683 437 2727 eorum
449 2660 643 2727 humilitate
654 2661 779 2743 animi,
802 2684 871 2749 quc
885 2682 984 2747 saepe
1030 2738 1033 2745 ,
1060 2709 1065 2714 -

127 2778 318 2867 respublica
338 2778 376 2845 in
398 2778 579 2845 discrimen
605 2791 728 2877 vocata
751 2777 812 2861 sit,
834 2776 984 2864 (μεγάλα
1083 2757 1087 2764 x

127 2892 302 2984 ἔβλαψαν)
324 2894 465 2962 omnino
479 2896 724 3001 confirmantur
742 2883 784 2961 ab
800 2880 994 2962 Aristotele¹

127 3016 221 3104 ipso,
248 3014 392 3109 ideoque
406 3036 486 3078 vera
498 3019 585 3092 ratio
601 3014 826 3112 'expositionis
849 3006 987 3082 nostrae¹
1099 3037 1101 3042 ’

57 3122 60 3131 ’
127 3133 349 3201 vehementer
368 3132 542 3219 probatur.
586 3132 814 3222 Philosophus
834 3132 927 3199 enim
947 3131 985 3196 in

128 3249 354 3338 descriptione
385 3248 591 3338 reipublicae
617 3251 810 3317 Laconicae
827 3258 861 3332 *)
896 3230 986 3315 inter
1018 3310 1022 3315 .
1078 3276 1083 3284 ¹

131 3408 340 3423 -·········
680 3396 686 3444 Ι

168 3438 173 3445 ι
189 3436 192 3445 s

153 3492 187 3572 *)
208 3498 256 3565 11,
278 3490 315 3563 6.
340 3495 388 3557 14.
