2484 4334
115 517 254 639 quares,
283 565 344 618 ant
368 552 500 616 Sufetes
531 561 568 616 et
592 553 692 620 duces
718 549 881 640 designati
902 577 968 642 po-

114 671 197 758 pulo
220 668 480 738 commendandi
500 681 621 736 essent,
663 671 783 759 Itaque
804 673 970 758 sententia

56 866 61 880 Ι
116 811 189 854 non
204 801 271 854 est:
293 787 497 875 Carthagine
511 788 617 854 fuisse
631 789 788 858 convivia
803 785 970 858 eiusmodi

117 906 458 988 rit-Lacedaemone3
496 907 605 991 (bunc
632 909 973 976 enim‘commnnem

119 1023 247 1090 victum
266 1024 358 1113 a'pud
379 1027 515 1092 Poenos
535 1024 573 1090 in
593 1049 660 1091 usu
678 1025 782 1094 fuisse
796 1049 907 1115 neque
926 1051 970 1094 ex
1012 1019 1014 1028 ’

120 1144 229 1210 verbis
247 1141 459 1232 philosophi,
486 1164 599 1241 neque
620 1167 666 1208 ex
686 1142 752 1220 iia,
777 1166 864 1232 quae
885 1144 971 1228 dixi,

117 1261 288 1349 seqnitur)
303 1263 362 1327 sed
376 1260 561 1327 similitudo
575 1259 687 1349 posita
702 1261 801 1328 estin
817 1285 869 1348 eo,
884 1265 973 1352 qnod
1080 1247 1085 1260 ’

118 1381 314 1468 optimates,
335 1379 478 1446 minime
498 1401 580 1446 vero
603 1379 715 1448 cuncti
737 1379 845 1460 cives,
872 1381 972 1478 certi‘s

6 1489 9 1498 '
119 1498 236 1564 diebus
265 1523 343 1566 cum
371 1498 584 1587 plebeiorum
609 1509 719 1592 parte⁴
735 1498 973 1571 concoenatio-
1017 1561 1019 1576 ,
1049 1481 1059 1492 ’

119 1639 178 1682 nes
197 1617 392 1704 frequentes
411 1617 598 1695 baberent,
616 1637 706 1702 quae
726 1617 975 1706 Spartanorum
1051 1683 1055 1690 .
1074 1671 1078 1680 t

85 1714 89 1727 ¹
116 1733 268 1821 phiditiis
288 1736 438 1822 quodam
458 1735 562 1802 modo
584 1735 862 1828 (παραπλησίως)
888 1758 974 1804 con·
1021 1715 1028 1736 '

119 1852 202 1921 lerri
221 1861 371 1941 possent.

204 2055 438 2122 Vehementer
471 2051 576 2136 igitur
611 2048 776 2114 differunt
818 2049 976 2140 convivia

63 2155 68 2164 .
118 2173 251 2244 Punica
271 2194 292 2235 a
306 2168 481 2236 communi
502 2167 854 2258 Lacedaemoniorum
869 2167 975 2252 victu,

120 2292 225 2360 etad
251 2312 293 2355 ea
322 2285 479 2360 instituta
513 2284 761 2352 Aristocratioa
792 2288 975 2376 pertinent,

118 2410 242 2500 quibus
272 2407 451 2496 optimates
481 2399 776 2489 Carthaginienses
804 2403 860 2494 nsi
887 2417 977 2492 aunt,
1063 2491 1076 2499 .

120 2543 159 2598 ut
177 2530 269 2596 inter
287 2548 325 2594 se
345 2521 412 2620 ipsi
433 2521 559 2587 arctius
587 2520 826 2588 familiaritatis
852 2519 976 2588 vineu-

117 2619 194 2724 ldm
215 2652 472 2722 connecterent,
495 2641 537 2704 de
558 2637 766 2724 gravissimis
788 2633 889 2704 rebus
910 2662 977 2732 pn-

120 2767 216 2834 blicis
236 2770 326 2830 inter
347 2782 384 2825 se
407 2758 647 2837 deliberarent,
679 2753 892 2841 dominatum
913 2755 976 2822 sibi
1068 2814 1072 2826 ,

123 2874 319 2960 firmarent,
339 2877 467 2944 unius
488 2859 706 2962 tyrannidem
726 2869 976 2958 praevenirent,
1004 2863 1007 2870 ⁴
1035 2853 1037 2860 ¹

120 3001 239 3093 populi
263 2997 408 3086 gratiam
429 2989 696 3059 honestomodo
719 2988 904 3073 ambirent,
923 2989 977 3053 ei-

122 3145 185 3188 ves
219 3138 317 3206 saepe
352 3113 396 3178 ad
431 3110 589 3177 convivia
622 3107 829 3188 invitarent,
864 3118 918 3186 et,
950 3107 978 3172 si

33 3308 36 3313 ,
122 3216 361 3331 magistratnm
383 3222 545 3329 ambituri
566 3237 628 3292 aut
647 3225 715 3290 iam
739 3223 903 3311 designati
924 3245 978 3288 es-

123 3369 221 3436 sent,
258 3351 417 3437 suffragia
446 3359 481 3412 et
508 3342 836 3412 commendationem
873 3341 978 3428 plebis

125 3474 190 3541 sibi
210 3469 383 3554 beneficiis
404 3467 569 3553 obligatae
581 3475 798 3560 occuparent.
840 3460 978 3532 Aristo-
