2484 4334
246 292 638 405 ’ω-

161 485 182 535 ss
215 483 272 558 Ad
294 456 387 552 mala
404 482 513 551 etiam·
530 488 702 574 pertinere
718 439 871 567 videtur,
896 490 985 577 quud
1080 578 1082 583 Ι

130 600 223 667 idem
252 623 342 669 unua
370 601 486 692 plures
513 611 609 688 gerat
634 602 866 694 magistratus,
901 628 988 692 quac

130 718 227 817 ratio)
255 717 591 807 Carthaginiensibus
626 718 801 811 probatur.
868 712 988 793 Unu'm
1086 726 1090 732 “
1160 716 1195 755 V

130 847 249 903 autem
263 860 376 940 lopus.
390 838 434 903 ab
453 859 526 903 uno
546 847 679 904 tantum
701 837 826 927 optime
847 840 988 907 confici·

130 969 197 1024 tur.
243 956 348 1045 Quod
371 965 412 1023 ut
438 953 517 1021 ficri
536 954 661 1059 possit,
693 966 828 1043 oportet
846 949 987 1047 'operam

131 1072 215 1141 dare
240 1073 486 1162 legislatorem,
510 1094 576 1138 nec
602 1094 686 1138 raro
709 1067 922 1161 praecipere,
947 1086 993 1167 ut

131 1190 224 1259 idem
254 1202 412 1259 exerceat
430 1190 606 1279 negotium
628 1189 787 1257 tibicinis·
799 1202 832 1257 et
851 1191 987 1277 sutoris.

130 1309 250 1397 Itaque
270 1308 332 1375 ubi
351 1305 470 1375 civitas
491 1330 562 1375 non
580 1320 630 1375 est
641 1332 768 1399 parva,
788 1308 894 1395 magis
909 1331 988 1385 cunr

131 1426 261 1493 civium
281 1438 374 1493 statu
393 1425 572 1514 convenit,
592 1428 709 1517 plures
725 1450 796 1503 esse
808 1425 988 1515 magistra-

130 1555 231 1609 tuum
250 1542 455 1633 participes3
477 1546 692 1612 communius
714 1546 818 1626 enim,
838 1556 879 1611 ut
897 1543 989 1611 dixi·

129 1683 226 1745 mus,
264 1672 298 1728 ct
324 1658 500 1753 pulchrius
527 1673 564 1729 et
588 1663 690 1731 citius
721 1660 989 1749 unumquodque
1054 1733 1056 1739 ¹

130 1765 175 1843 ab
201 1776 336 1845 iisdem·
351 1777 547 1845 conficitur:
580 1780 675 1869 quod
698 1780 920 1870 perspicuum·
938 1787 989 1841 est

130 1894 169 1964 in
198 1895 301 1961 rebus
330 1894 461 1963 bellicis
487 1908 524 1964 et
550 1897 708 1965 nauticis.
756 1900 849 1967 Nam
875 1882 987 1961 inhia

130 2010 285 2102 utrisque
304 2035 369 2101 per
386 2036 504 2081 omnes
512 2062 524 2094 ,
553 2026 594 2081 ut
614 2015 663 2081 ita
685 2015 812 2096 dicam,
832 2010 989 2103 pervadit

129 2128 321 2221 imperandi
343 2141 377 2197 et
397 2132 541 2221 parendi
561 2133 725 2201 officium.
833 2157 860 2166 ¹·
1033 2106 1063 2235 i·

215 2244 401 2337 Vituperat
420 2249 642 2332 Aristoteles,
665 2251 789 2318 multos
806 2230 988 2335 magistra-

57 2400 62 2409 ·
129 2374 185 2429 tus
214 2362 257 2430 ab
287 2389 370 2431 uno
399 2366 651 2450 administrari,
687 2392 767 2435 cum
801 2363 988 2454 respublica

107 2565 111 2576 1
131 2482 463 2569 Carthaginiensium
485 2496 557 2551 tam
578 2488 739 2574 opulenta
755 2498 788 2552 et
806 2485 920 2574 ampla
931 2483 987 2558 sit,

130 2600 228 2667 stibi
243 2600 457 2687 magistratus
471 2602 723 2691 quamplurimi
736 2599 992 2685 cumdignitate-

130 2693 274 2783 munere
302 2714 399 2803 frangi
427 2716 576 2805 possint,
603 2732 639 2785 et
666 2728 806 2784 excusat
831 2710 986 2783 instituta

129 2834 306 2903 minorum
319 2836 515 2922 civitatum,'
526 2859 614 2924 quae
627 2836 824 2901 necessitate
837 2845 869 2899 et
886 2833 988 2919 rebus

132 2951 282 3042 angustis
300 2967 433 3020 coactae
450 2954 590 3041 singulis
611 2965 646 3019 et
668 2949 783 3039 paucis
805 2951 986 3038 magistra-

130 3070 222 3137 tibus
251 3071 352 3161 plura
372 3096 517 3139 munera
537 3071 685 3161 gerenda
708 3060 924 3137 committunt
947 3070 986 3151 *).

164 3344 197 3427 *)
218 3348 288 3408 vid.
304 3348 359 3405 loc.
378 3344 585 3425 Arist.,'quem
608 3346 696 3424 sapia
719 3347 846 3418 laudari,
867 3366 929 3401 cum
949 3324 986 3401 ile
1085 3402 1090 3409 ,

140 3492 146 3499 ,
220 3453 290 3491 voca
312 3428 434 3516 ἀρχεῖον
449 3434 634 3512 ‚dissererem
743 3486 748 3497 .
