2484 4334
490 370 793 468 ·...¹.t⁴:...·

258 550 435 618 lectionem
451 539 576 617 'veram
596 562 633 617 et
652 546 832 637 genuinam
854 570 926 615 esse
951 547 1112 615 arbitror.

260 668 428 755 Quamvis
471 662 621 757 α’πορίαν
664 674 846 757 προίεσθαι
860 716 863 721 -
878 680 912 733 et
948 660 1115 753 εὐπορίαν

258 791 442 876 προίεσθαι
458 785 590 879 ιοοοίοιιι
616 785 692 852 iure
722 784 789 853 dici
816 806 916 875 posse
944 781 1113 858 videatur,

196 970 200 978 ,
259 904 308 970 ita
332 915 372 969 ut
392 904 536 971 alterum
556 902 718 990 negandi,
748 904 893 973 alterum
916 899 1114 967 affirmandi
1220 900 1221 907 ’

259 1020 381 1087 babeat
406 1020 479 1088 vim
500 1032 536 1087 et
561 1016 689 1115 α’πορίο
721 1019 904 1107 significet:
943 1018 1113 1085 rationem

260 1140 468 1226 paupertatis
490 1161 563 1204 non
581 1138 731 1205 habitam
751 1138 855 1205 fuisse
866 1160 887 1202 a
901 1138 1111 1225 legislatore:

261 1264 353 1319 totus
380 1266 496 1323 tamen
528 1255 774 1323 sententiarum
802 1278 912 1323 nexus
949 1250 1112 1345 εὐπορίαν

261 1368 402 1457 flagitat.
457 1373 650 1441 Cohaerent
670 1373 763 1441 enim
783 1394 862 1439 cum
884 1346 1113 1461 superioribus

262 1490 438 1573 sequentia
463 1491 529 1557 hoc
558 1492 675 1557 modos
718 1492 860 1557 stultum
889 1501 940 1555 est
967 1488 1115 1579 opinari,

260 1611 463 1691 pauperem,
489 1607 569 1674 lieet
593 1609 754 1697 probum,
790 1578 943 1695 quaestui
975 1610 1115 1696 operam

220 1775 225 1784 .
262 1716 424 1788 daturum
441 1738 586 1806 esse,·et
596 1726 753 1803 divitem,
772 1723 850 1789 licet
865 1746 1020 1810 pravum,
1041 1746 1114 1787 non

262 1847 470 1908 sectaturum
482 1821 554 1909 esse
566 1866 660 1935 opes.¹
686 1844 728 1909 In
741 1838 877 1906 civitate
889 1840 974 1906 bene
986 1839 1113 1905 consti-

203 1950 208 1965 ’
262 1961 337 2019 tuta
349 1955 456 2046 bonos
469 1972 602 2057 tanturn
613 1968 748 2051 oportet
760 1979 913 2044 regnare,
933 1970 1116 2047 propterea

100 2073 106 2087 ⁸
202 2147 205 2153 Ι
261 2071 401 2159 quodii
419 2076 522 2145 modo
546 2078 632 2145 bene
651 2074 852 2165 imperaturi
872 2074 959 2159 sint,
980 2074 1018 2140 in
1040 2074 1116 2165 qui-

263 2187 328 2255 bus
357 2190 441 2257 insit
474 2196 616 2266 uirtus.¹
650 2195 775 2261 Melius
809 2193 947 2283 quidem
981 2190 1115 2258 fecisset

262 2308 450 2394 legislator,
493 2311 524 2377 ei
549 2310 793 2402 rempublicam
826 2313 874 2379 ita
892 2298 1114 2391 instituisset,

262 2436 304 2490 ut
328 2449 446 2493 omues
474 2428 565 2515 cives
591 2426 804 2516 possiderent
833 2439 884 2495 tot
904 2450 1003 2517 opes,
1032 2420 1114 2515 qudt

216 2603 220 2614 ,
264 2544 483 2611 numanae·
497 2559 608 2614 essent
635 2545 679 2611 ad
707 2544 812 2629 vitam
843 2544 917 2611 sine
952 2564 1115 2611 aerumna

263 2670 298 2724 ct
326 2680 409 2727 cura
435 2660 640 2750 degendam:
684 2684 772 2729 cum.
791 2674 906 2730 autern
936 2662 1011 2727 fieri
1025 2684 1114 2741 *nou

262 2791 404 2865 posset,
427 2791 470 2847 ut
497 2780 997 2869 ‹rputentiaetbonorum¹
1015 2801 1114 2845 oon-

219 2893 225 2911 *
263 2894 452 2973 suleret,
474 2896 512 2961 id
532 2897 651 2962 saltem
671 2910 821 2987 spectare
835 2920 914 2964 eum
927 2898 1112 2985 oportebat,

262 3023 307 3076 ut.
335 3011 595 3097 magistratuum
629 3014 698 3079 otio
729 3015 940 3105 provideret,
975 2996 1111 3101 quando

262 3149 402 3194 munere
430 3119 665 3217 fungerentur.
710 3133 802 3217 Quid
828 3133 933 3219 igitur
954 3132 1017 3197 sibi
1039 3133 1113 3197 vult

260 3228 387 3342 Ιοόιορίοό
406 3246 443 3311 in
464 3248 523 3314 tali
540 3249 787 3316 ¹sententiarum
808 3252 923 3316 nexu?
963 3251 1113 3315 Conclu-

261 3362 312 3427 dit
325 3364 564 3452 philosophum
586 3389 746 3451 cumnon
769 3390 913 3433 omnes
935 3368 1113 3461 opulen-

263 3491 327 3544 tos
348 3481 489 3552 reddere
510 3498 622 3572 posset
644 3497 763 3555 auctor
783 3486 916 3572 legum,
946 3498 1111 3572 partem
