2484 4334
426 338 611 454 use.

103 540 215 607 chidea
232 539 266 629 t)
294 560 338 607 ex
369 536 561 607 vehementi
581 538 746 625 regnandi
764 538 952 630 ¹cupuditate

100 682 178 726 oum
201 658 382 726 Cleomene
399 678 435 721 se
456 655 698 723 coniunxit‘ad
726 659 951 728 Demaratum

99 798 202 863 regno
232 776 457 865 privandum,
497 784 532 839 et
566 786 684 861 postea
715 798 853 843 omnem
882 776 951 841 ho-

99 893 235 961 nestatis
264 915 400 974 sensum
422 892 479 957 'ita
500 890 638 973 abiecit,
658 904 698 958 ut
718 892 763 957 ab
783 893 950 961 Aleuadis
1029 947 1033 965 .

99 1012 187 1078 dona
208 994 393 1098 acciperet,
421 991 544 1096 quibus
576 1023 869 1098 corrumperetur,
905 1034 951 1077 ne

2 1162 7 1171 ·
99 1128 310 1195 Thessaliam
337 1125 441 1193 armis
472 1109 642 1211 subigeret
662 1138 697 1191 et
716 1115 950 1198 Lacedaemo.a
1014 1102 1020 1117 ⁴

97 1246 232 1311 nicrum
253 1268 333 1333 opes
362 1255 508 1330 augeret.
559 1220 679 1331 Italpue
698 1254 842 1333 propter
860 1245 949 1313 hano
979 1306 989 1325 ,

97 1363 269 1439 sordidam,
292 1361 472 1428 avaritiam
491 1361 605 1449 patria
621 1363 744 1452 pulsus
765 1373 825 1431 est.
870 1365 949 1431 He·

94 1480 234 1549 rodotus
249 1483 284 1567 a)
305 1492 435 1558 narrat,
461 1500 576 1565 regem
599 1477 834 1562 Cleomenem,
857 1482 949 1570 quod
1020 1456 1023 1461 Ι

94 1601 184 1667 inter
194 1596 613 1686 quatuorAnaxandridae
624 1597 713 1666 filios
719 1613 804 1667 natu
819 1599 949 1670 maxi·

93 1729 183 1785 mus
204 1727 306 1800 esset,
326 1716 366 1791 ab
385 1714 504 1781 inuitis
525 1715 806 1782 Lacedaemoniis
821 1720 948 1784 Dorico
1012 1722 1016 1733 “

92 1835 282 1924 praelatum
311 1853 401 1905 esse,
439 1830 498 1916 qui
530 1853 608 1896 eum
637 1832 779 1898 consilio
805 1845 841 1898 et
868 1836 949 1901 belli

93 1954 222 2019 artibus
254 1951 353 2035 longe
374 1958 571 2035 praestaret.
613 1948 679 2013 Sed
704 1960 867 2034 qnantum
885 1952 949 2016 dat.
1067 2025 1070 2032 .
1173 1977 1178 1996 ·

91 2075 214 2139 mnam
237 2067 356 2152 attulit
382 2064 575 2133 Cleomenis
597 2088 745 2153 pravum
771 2067 947 2155 ingenium

90 2185 312 2277 reipublicae!
334 2182 490 2251 Prodidit
508 2182 599 2249 enim
614 2184 761 2271 patriam
776 2198 809 2251 et
823 2189 948 2256 oracu-

89 2307 163 2372 lum
183 2294 392 2391 Delphicum
412 2300 566 2389 corrupit
588 2302 633 2367 ad
652 2304 877 2370 Demaratum
889 2329 947 2371 re-
996 2354 1001 2365 .

88 2424 145 2510 gia
180 2420 339 2506 dignitate
376 2418 632 2493 removendum.
697 2419 802 2505 Quod
838 2424 947 2495 scelus

89 2562 171 2607 oum
183 2537 396 2616 innotuisset,
418 2547 512 2601 metu
527 2536 774 2623 Spartiatarum
786 2526 947 2614 iir'l'hes·

87 2660 208 2726 saliam
227 2653 429 2740 subterfugit
442 2664 475 2719 et
489 2652 644 2717 Arcadas
662 2664 781 2719 contra
796 2656 944 2742 patriam
1031 2692 1035 2697 -
1089 2715 1094 2726 ,
1174 2732 1178 2758 ¹

87 2774 290 2843 sollicitavit.
333 2772 427 2858 Quid
449 2772 561 2838 dicam
582 2770 625 2833 de
636 2769 822 2849 Pausania,
843 2794 944 2858 quem
1018 2862 1029 2869 ·

85 2894 206 2961 multis
234 2888 366 2979 egregie
396 2890 494 2975 gestis
527 2899 559 2953 ct
587 2886 730 2953 victoria
751 2887 841 2976 apud
861 2890 945 2955 Pla..

84 3006 179 3079 taeas
200 3007 518 3099 parta1insolentius
541 3002 646 3089 egisse
668 3016 702 3069 et
721 3006 853 3073 maiora
872 3019 943 3075 tam
969 3013 976 3029 ⁸

82 3130 309 3196 vehementer
329 3124 563 3215 concupivisse
586 3134 726 3206 constat,
747 3134 795 3200 ut,
820 3145 943 3210 quam-

58 3346 63 3362 i
110 3373 147 3451 t)
167 3374 272 3431 Mauso
295 3333 445 3450 Spattail.
467 3393 498 3449 p.
522 3374 572 3449 75.
594 3370 715 3463 Pausan.
736 3367 796 3439 111,
811 3387 848 3440 ἰ,
870 3317 907 3446 7:

111 3476 150 3551 2)
174 3476 233 3546 VI,
257 3480 307 3555 73.

751 3578 780 3642 F
