2484 4334
456 439 621 465 ““““Ἷ““’,““

110 534 283 624 theginem
304 550 517 649 revocatum?
547 539 602 607 P1
609 552 796 610 actorem
817 556 967 612 creatum

110 678 195 723 esse.
238 636 370 725 Mirum
393 656 534 727 omnino
555 657 665 725 videri
684 660 809 749 possit,
829 663 966 729 Hanni·
979 743 983 756 Χ

109 774 222 873 halem
229 820 239 853 ‚
261 775 319 864 qui
340 772 432 842 anno
453 776 571 843 aetatis
593 800 676 845 suae
696 780 842 847 secundo
864 781 968 849 etvi-

110 894 251 975 maimo,
274 916 353 963 cum
374 897 445 963 iam
465 897 504 971 in
522 895 694 985 Hispania
714 920 887 965 summum
899 899 968 981 im-

75 1018 83 1031 ‘
108 1014 245 1100 peririm
267 1024 407 1095 teneret,
429 1012 651 1097 resiluisset,
680 1036 773 1081 anno
795 1018 966 1105 quinqua-

112 1132 239 1219 gesimo
263 1132 401 1199 demum
423 1131 763 1199 Praetoremfaotum
778 1155 861 1199 esce.
902 1139 968 1200 Res

113 1266 226 1321 autem
251 1264 323 1319 tam
350 1252 494 1318 ohscnra
516 1262 556 1317 et
584 1248 732 1317 difficilis
753 1273 825 1317 non
844 1262 911 1333 est,
940 1250 970 1317 si
1066 1262 1072 1271 '

112 1372 344 1439 conditionem
378 1368 708 1457 Carthaginiensium
731 1380 806 1450 tum
835 1381 981 1459 tempo·v
1020 1358 1024 1363 ’

110 1490 160 1556 ris
188 1489 378 1556 scematius
407 1485 686 1555 consideraveris.
737 1486 857 1574 Quom
878 1485 971 1562 enim

109 1607 231 1697 Poeni·
250 1630 270 1673 a
291 1605 456 1675 Romanis
473 1599 594 1675 ‘coacti
614 1604 873 1688 Hannibalem,
910 1602 992 1693 qui.

49 1742 52 1747 ·
108 1735 189 1814 post
213 1724 385 1814 proelium
414 1724 458 1789 ad
480 1726 625 1792 Zamam
644 1723 771 1790 factum
798 1744 972 1789 summum

110 1840 297 1929 imperium
317 1840 467 1907 militare
494 1840 533 1905 in
557 1838 798 1907 Provincia
817 1836 980 1924 Africa)

112 1954 214 2045 (non
235 1956 516 2045 Carthagine)
540 1968 689 2040 teneret,
708 1956 749 2022 in
768 1952 973 2041 metropolin
1012 1988 1016 1995 ·

111 2072 381 2153 revocavissent,
410 2095 535 2160 magna
565 2097 646 2163 pars
676 2082 833 2154 senatus,
870 2060 1003 2152 amici'

112 2203 150 2257 et
175 2190 324 2280 populus
353 2214 487 2257 summo
508 2191 619 2271 studio
642 2179 678 2258 il
699 2187 913 2280 spectabant,
932 2200 974 2255 ut

110 2309 320 2393 Hannibalis
353 2308 506 2375 dolorem
528 2310 572 2376 ob
590 2310 682 2377 hanc
703 2322 837 2397 turpem
860 2320 895 2375 et
914 2312 974 2389 in,-
1031 2387 1033 2396 Ι

116 2424 255 2512 dignam
281 2427 534 2493 revocationem
563 2450 585 2491 a
611 2428 702 2495 hello
737 2429 904 2512 lenirent,
941 2433 976 2495 et
1065 2488 1070 2493 .

115 2566 321 2632 quocunque
340 2544 443 2611 modo
466 2546 704 2628 ostenderent,
730 2546 851 2633 quanti
870 2524 976 2633 praes·

56 2733 61 2745 1
115 2662 248 2731 clarum
261 2684 363 2729 suum
377 2662 622 2751 imperatorem
634 2638 861 2731 aestimarent.
902 2664 975 2729 Ita·

116 2794 184 2861 que
212 2800 305 2854 nova
332 2804 441 2871 eaque
468 2779 679 2876 amplissima
710 2777 872 2860 dignitate
892 2796 973 2843 eum

116 2980 328 2994 ffl

204 3132 297 3197 nibal
324 3166 368 3185 ·-
397 3135 505 3211 Corn.
533 3140 621 3219 Nep.
651 3136 812 3199 Hannih
836 3156 872 3215 7:
911 3114 976 3194 Hoc
1019 3187 1023 3195 ,

158 3256 163 3261 -
203 3242 345 3301 responso
373 3204 621 3307 Carthaginienses
650 3225 780 3301 cognito
783 3221 975 3279 Hannibalem

205 3306 326 3365 domum
347 3322 525 3368 revocarunt.
567 3314 632 3367 Huc
653 3324 686 3368 ut
698 3308 799 3379 redut
818 3310 976 3365 Praetor

206 3392 298 3450 lhctns
315 3406 375 3468 est,
393 3406 546 3476 postquam
565 3414 630 3454 rex
650 3396 744 3494 suerat
759 3411 835 3451 anno
846 3392 975 3450 secundo
1052 3394 1057 3406 “

206 3489 235 3533 et
255 3477 399 3555 vicesimo.
534 3492 537 3498 ’

777 3590 812 3656 G
844 3617 857 3631 .
