2484 4334
604 381 708 478 ft

608 490 774 507 m

269 595 525 680 obscuritatem,
554 593 626 660 sive
656 591 861 660 narrationis
884 588 1127 658 contradictio-

268 736 346 796 nes,
375 712 446 804 sive
467 711 680 798 singulorum
702 713 886 779 verborum
908 698 1127 796 significatio-

194 875 204 884 ·
270 855 352 899 uem
371 853 411 897 ac
432 830 705 916 ambiguitatem,
729 829 800 898 sive
821 828 980 896 duritiem
995 828 1040 892 ‚in
1054 849 1128 892 ser-

270 971 372 1016 mone
381 959 416 1014 et
426 950 670 1037 sententiarum
680 971 809 1016 nexum
820 932 992 1037 respicias.
1014 941 1128 1032 Quam

272 1069 315 1134 ob
337 1091 412 1134 rem
433 1065 532 1132 multi
552 1065 721 1154 praeclari
744 1064 810 1132 viri
833 1077 866 1130 et
878 1067 1013 1151 linguae
1029 1085 1128 1149 grae-

272 1207 331 1271 sae
353 1166 385 1250 et
405 1184 561 1273 antiquae
584 1183 746 1249 historiae
761 1183 869 1270 periti
890 1205 1053 1270 magnum
1072 1181 1129 1246 in-

273 1305 363 1398 genii
383 1277 529 1368 acumen
550 1313 584 1365 et
606 1322 748 1388 operam
769 1299 812 1364 ad
833 1299 896 1366 hos
918 1309 1131 1369 commenta-

272 1423 364 1515 rios·
389 1418 625 1510 explanandos
668 1411 897 1486 contulerunt.
962 1415 1130 1504 Quamvis

274 1539 407 1634 egregia
444 1537 574 1605 finerint
606 1537 834 1627 intespretum
868 1535 910 1602 de
945 1528 1132 1602 Aristotele

273 1656 397 1722 merita
411 1678 613 1744 summaque
628 1655 729 1720 lande
741 1653 987 1744 praedicanda3
1009 1677 1131 1739 quarn-

248 1747 587 1841 1v'is'immortslem
614 1774 759 1860 gloriam
789 1773 853 1838 sibi
883 1769 1133 1861 comparaverit

275 1893 391 1958 doctus
405 1871 627 1976 Politicorunr
642 1891 810 1980 interpres
825 1891 938 1956 Schn
947 1888 1066 1968 eider
1075 1911 1098 1952 u
1107 1911 1133 1968 s,

275 2012 385 2092 Saxo,
412 2010 469 2076 vir
489 2010 621 2096 ingenti
642 2010 833 2078 eruditione
854 2021 888 2076 et
916 2009 1132 2095 antiquarum
1232 2061 1233 2068 ,

273 2127 450 2195 literarum
482 2125 601 2194 studiis
635 2127 726 2218 inter
756 2107 947 2196 Germanos
976 2140 1048 2196 tarn
1075 2126 1133 2192 in·-

275 2244 401 2341 siguis3
436 2242 592 2331 quamvis
613 2244 722 2311 multa
741 2243 946 2312 novissimus
968 2245 1132 2331 Politice-

273 2360 502 2442 rum’editor,
522 2362 716 2450 praeclarus
739 2361 945 2446 Coraius,
978 2365 1133 2454 plerum-

271 2502 341 2573 'que
353 2479 455 2574 amici
468 2479 521 2546 sui
530 2477 697 2547 Germani
710 2480 960 2566 emendationes
973 2453 1134 2569 probans,
1229 2533 1230 2540 t

277 2577 346 2664 leri
367 2610 401 2664 et
419 2597 597 2695 ingeniosa
617 2598 812 2664 coniectura
833 2598 1014 2687 verbisque
1024 2599 1136 2664 felici·
1182 2638 1186 2646 .

223 2773 230 2780 .
276 2726 336 2781 ter‘
350 2713 567 2805 transpositis
584 2715 808 2803 praestiterit:
837 2717 946 2782 multa
968 2727 1085 2783 tamen
1105 2717 1134 2783 is
1164 2793 1171 2800 ,
1228 2711 1229 2718 ¹

254 2830 497 2923 desiderabit,
532 2833 592 2920 qui
626 2857 670 2901 ex
695 2833 748 2902 his
783 2833 1007 2914 Politicorum
1040 2859 1135 2900 com-

222 2995 227 3008 .
278 2929 461 3038 massanis⁴
481 2949 659 3020 anunm
694 2951 922 3038 cognitionem
951 2952 1016 3018 sni
1038 2951 1135 3030 cons-

278 3086 357 3151 gere
375 3066 475 3132 uelit.
533 3068 686 3154 Quilibet
713 3071 822 3154 enim,
856 3071 952 3136 ouius
982 3070 1134 3150 interest,

280 3182 569 3270 Carthaginiensis
590 3186 797 3276 reipublicae
819 3185 1058 3276 gubernandae
1078 3208 1136 3252 ru-

223 3361 244 3388 ,
275 3276 406 3370 tionem
440 3302 631 3368 accuratius
665 3301 870 3392 intelligere,
914 3294 1144 3370 vehementer

278 3420 419 3508 optabit,
440 3431 480 3484 ut
492 3420 576 3485 viris
590 3421 732 3508 egregiis
745 3421 942 3512 placuisset,
964 3419 1026 3486 has
1045 3416 1135 3486 ‘Ari-

278 3537 405 3604 stotelis
427 3536 658 3605 enarrationes
680 3537 841 3610 historiae
855 3537 1134 3608 testimoniisex-
