2484 4334
204 559 323 645 Itaque
350 561 431 637 satis
460 560 546 629 mihi
575 562 823 631 demonstrasse
844 565 990 649 videor,'

118 673 183 763 τήν
199 670 370 749 εὐτέλειαν
392 678 606 747 (lemuribus
627 680 694 749 dici
707 706 815 776 posse,
836 697 871 750 et
884 686 980 751 bane·
1031 706 1032 714 ¹

119 793 401 879 significationem
420 796 482 863 toti
503 798 749 867 'sententiarum
763 802 873 872 nexui
888 825 974 867 con·
1025 834 1030 846 =

119 925 314 980 sentaueam
337 936 409 981 esse
423 937 528 1003 eoque
543 917 765 987 confirmari·
790 921 975 987 Praeterea
1045 994 1050 998 ,

118 1030 319 1099 Aristoteles
332 1035 447 1101 multis
464 1034 576 1103 verbis
590 1035 749 1108 abundat,
761 1037 885 1123 quibus
899 1039 974 1103 sin-
1070 1125 1073 1131 Ι

118 1131 433 1239 gularis-quaedam
454 1154 507 1221 vis
536 1153 674 1219 subesse
693 1154 819 1227 soleta
839 1157 975 1242 vulgari
1016 1206 1019 1213 .

119 1288 219 1333 sensu
236 1269 414 1353 recedens,
436 1270 484 1336 ita
497 1270 774 1362 utphilosophus
789 1294 883 1337 exse
897 1273 974 1361 ipso
1019 1274 1021 1277 ⁴

118 1396 253 1453 tautum
268 1401 301 1453 et
313 1410 357 1453 ex
372 1388 616 1454 sententiarum
628 1410 723 1453 nexu
736 1388 901 1477 explicari
913 1389 974 1455 de·

102 1482 206 1583 beat,
221 1516 254 1569 et
262 1520 362 1594 saepe
370 1528 451 1571 vera
462 1506 662 1595 significatio
670 1506 779 1593 magis
788 1506 973 1573 divinanda

116 1642 221 1707 quam
242 1646 287 1689 ex
300 1622 374 1689 aliis
390 1625 475 1697 locis
497 1624 645 1713 petenda
667 1624 776 1710 iisque
795 1626 974 1723 probanda

118 1738 172 1804 sit.
192 1739 263 1806 Fac
273 1753 397 1823 autem,
411 1741 501 1807 hanc
515 1742 637 1811 voceni
647 1718 751 1833 piane
762 1743 975 1810 abhorreres

118 1878 230 1940 sensu,
252 1860 312 1946 qui
328 1860 552 1947 desideretur,
574 1841 608 1925 et
630 1860 866 1925 emen‘datioue
887 1871 974 1947 opus
1025 1852 1031 1863 ’

117 1996 205 2039 esse:
228 1976 461 2064 eguprofecto
476 2002 547 2043 non
562 1976 777 2052 coniicerem,
799 1975 923 2040 vitium
935 1975 974 2039 in
1009 2012 1012 2020 ,

115 2091 230 2159 verbis
252 2093 320 2161 εἴτε
349 2093 509 2185 διαφέρον
538 2098 664 2187 latere,
695 2092 754 2157 sed
775 2114 974 2180 quaererem

115 2208 230 2295 potius
242 2210 280 2274 in
292 2213 397 2278 verbo
418 2190 493 2303 ipso
514 2208 662 2299 εὐτελής,
678 2212 720 2282 in
741 2209 838 2277 cuius
857 2211 974 2280 locum
998 2270 1006 2289 s

56 2385 60 2392 ,
115 2326 354 2410 substituerem
375 2332 469 2398 aliud
490 2334 605 2399 sensui
617 2330 836 2421 respondens.
880 2334 1002 2399 Nat--

116 2442 189 2509 lum
203 2433 312 2513 autem
326 2448 590 2538 adiectivdrum,
611 2474 698 2540 quae
718 2472 799 2522 cum
818 2445 859 2521 εὖ
872 2441 973 2519 com-

115 2616 325 2638 *¹⁸⁸*—

204 2757 237 2803 ut
274 2758 336 2807 tum
364 2748 419 2807 suit
444 2751 572 2821 Romae,
607 2768 674 2806 cum
700 2761 781 2807 crant
809 2767 904 2825 reges3
939 2760 973 2807 ut

117 2830 121 2839 '
205 2830 323 2909 Spartae
350 2836 476 2912 Lycurgi
501 2836 626 2910 legibus3
665 2847 694 2892 et
721 2846 754 2893 ut
784 2835 821 2893 sit
853 2835 972 2911 aliquod

204 2916 290 2975 etiam
310 2921 415 2999 populi
434 2921 497 2993 ius,
519 2933 551 2977 ut
568 2920 624 2979 tuit
645 2921 724 2999 apud
744 2933 855 2979 nostros
875 2941 973 2997 reges3

203 3014 299 3061 tamen
333 3007 407 3063 illud
439 3006 551 3088 excellit
578 3006 688 3081 regium
716 3024 836 3079 nomen3
878 3027 972 3084 neque

200 3103 296 3167 potest
333 3092 474 3149 eiusmodi
510 3092 674 3171 respublica
707 3088 766 3149 nori
793 3112 912 3167 regnum
943 3104 972 3148 et
1046 3113 1051 3122 ·

135 3216 139 3221 .
202 3194 263 3233 esse
285 3188 315 3233 et
332 3177 439 3235 vocari.
480 3180 531 3236 Ea
553 3191 676 3237 autem
697 3179 815 3236 forma
836 3178 972 3236 cirita-

202 3260 251 3317 tis
281 3263 487 3321 mutabilis
522 3260 682 3347 maxime
701 3276 775 3325 ,est
803 3263 896 3320 hanc
923 3262 971 3321 ob

105 3338 110 3351 ’
202 3337 372 3421 eausam*
395 3350 496 3424 quod
526 3348 641 3407 unius
662 3348 907 3426 vitioprseei
942 3347 990 3403 i-'
1021 3348 1028 3354 ’
1071 3348 1081 3358 ⁴

201 3442 279 3490 tata
300 3434 338 3492 iu
360 3434 725 3513 perniciosissimam
747 3446 894 3513 partem
912 3369 970 3491 lia-

203 3516 351 3575 cillirne
372 3520 527 3579 decidit.
