<?xml version="1.0" encoding="UTF-8"?>
<!DOCTYPE html PUBLIC "-//W3C//DTD XHTML 1.0 Transitional//EN"
    "http://www.w3.org/TR/xhtml1/DTD/xhtml1-transitional.dtd">
<html xmlns="http://www.w3.org/1999/xhtml" xml:lang="en" lang="en">
 <head>
  <title>
</title>
<meta http-equiv="Content-Type" content="text/html;charset=utf-8" />
  <meta name='ocr-system' content='tesseract 3.04.00' />
  <meta name='ocr-capabilities' content='ocr_page ocr_carea ocr_par ocr_line ocrx_word'/>
</head>
<body>
  <div class='ocr_page' id='page_1' title='image "aristotelesdepo00kluggoog_0088.png"; bbox 0 0 2484 4334; ppageno 0'>
   <div class='ocr_carea' id='block_1_1' title="bbox 676 357 719 419">
    <p class='ocr_par' dir='ltr' id='par_1_1' title="bbox 676 357 719 419">
     <span class='ocr_line' id='line_1_1' title="bbox 676 357 719 419; baseline 0 0"><span class='ocrx_word' id='word_1_1' title='bbox 676 357 719 419; x_wconf 78' lang='lat'><strong>74</strong></span> 
     </span>
    </p>
   </div>
   <div class='ocr_carea' id='block_1_2' title="bbox 268 510 1125 629">
    <p class='ocr_par' dir='ltr' id='par_1_2' title="bbox 268 510 1125 629">
     <span class='ocr_line' id='line_1_2' title="bbox 268 510 1125 629; baseline -0.011 -21"><span class='ocrx_word' id='word_1_2' title='bbox 268 543 365 609; x_wconf 82' lang='lat' dir='ltr'><strong>euiu&#39;s</strong></span> <span class='ocrx_word' id='word_1_3' title='bbox 386 539 527 629; x_wconf 86' lang='lat' dir='ltr'><strong>egregia·</strong></span> <span class='ocrx_word' id='word_1_4' title='bbox 539 510 649 606; x_wconf 85' lang='lat' dir='ltr'><strong>virtus</strong></span> <span class='ocrx_word' id='word_1_5' title='bbox 670 537 829 619; x_wconf 87' lang='lat' dir='ltr'><strong>eniteret,</strong></span> <span class='ocrx_word' id='word_1_6' title='bbox 860 548 901 603; x_wconf 92' lang='lat' dir='ltr'><strong>ut</strong></span> <span class='ocrx_word' id='word_1_7' title='bbox 920 535 986 601; x_wconf 87' lang='lat' dir='ltr'><strong>hoc</strong></span> <span class='ocrx_word' id='word_1_8' title='bbox 1007 535 1125 623; x_wconf 84' lang='lat' dir='ltr'><strong>impe·</strong></span> 
     </span>
    </p>
   </div>
   <div class='ocr_carea' id='block_1_3' title="bbox 97 646 1124 745">
    <p class='ocr_par' dir='ltr' id='par_1_3' title="bbox 97 646 1124 745">
     <span class='ocr_line' id='line_1_3' title="bbox 97 646 1124 745; baseline -0.01 -16"><span class='ocrx_word' id='word_1_9' title='bbox 97 646 98 653; x_wconf 7' lang='grc' dir='ltr'>ἵ</span> <span class='ocrx_word' id='word_1_10' title='bbox 171 712 174 717; x_wconf 79' lang='grc'><strong>-</strong></span> <span class='ocrx_word' id='word_1_11' title='bbox 267 661 319 727; x_wconf 86' lang='lat' dir='ltr'><strong>rio</strong></span> <span class='ocrx_word' id='word_1_12' title='bbox 345 658 447 745; x_wconf 89' lang='lat' dir='ltr'><strong>digna</strong></span> <span class='ocrx_word' id='word_1_13' title='bbox 474 657 675 739; x_wconf 81' lang='lat' dir='ltr'>haberetur,</span> <span class='ocrx_word' id='word_1_14' title='bbox 712 666 793 721; x_wconf 89' lang='lat' dir='ltr'><strong>tuuc</strong></span> <span class='ocrx_word' id='word_1_15' title='bbox 821 676 866 723; x_wconf 80' lang='lat' dir='ltr'><strong>ex</strong></span> <span class='ocrx_word' id='word_1_16' title='bbox 895 654 963 721; x_wconf 88' lang='lat' dir='ltr'><strong>alia</strong></span> <span class='ocrx_word' id='word_1_17' title='bbox 988 652 1124 719; x_wconf 80' lang='lat' dir='ltr'><strong>familia</strong></span> 
     </span>
    </p>
   </div>
   <div class='ocr_carea' id='block_1_4' title="bbox 231 766 1124 984">
    <p class='ocr_par' dir='ltr' id='par_1_4' title="bbox 231 766 1124 984">
     <span class='ocr_line' id='line_1_4' title="bbox 266 766 1124 869; baseline -0.007 -25"><span class='ocrx_word' id='word_1_18' title='bbox 266 778 443 869; x_wconf 86' lang='lat' dir='ltr'><strong>praeclara</strong></span> <span class='ocrx_word' id='word_1_19' title='bbox 464 766 641 841; x_wconf 82' lang='lat' dir='ltr'><strong>creabatur</strong></span> <span class='ocrx_word' id='word_1_20' title='bbox 662 774 718 840; x_wconf 80' lang='lat' dir='ltr'><strong>vir</strong></span> <span class='ocrx_word' id='word_1_21' title='bbox 744 770 880 841; x_wconf 86' lang='lat' dir='ltr'><strong>morum</strong></span> <span class='ocrx_word' id='word_1_22' title='bbox 894 772 1066 860; x_wconf 79' lang='lat' dir='ltr'><strong>&#39;gravitate</strong></span> <span class='ocrx_word' id='word_1_23' title='bbox 1087 783 1124 838; x_wconf 89' lang='lat' dir='ltr'><strong>et</strong></span> 
     </span>
     <span class='ocr_line' id='line_1_5' title="bbox 231 893 1121 984; baseline -0.009 -21"><span class='ocrx_word' id='word_1_24' title='bbox 231 930 234 950; x_wconf 66' lang='grc' dir='ltr'>ι</span> <span class='ocrx_word' id='word_1_25' title='bbox 266 895 402 984; x_wconf 58' lang='lat' dir='ltr'><strong>ingenii*</strong></span> <span class='ocrx_word' id='word_1_26' title='bbox 416 893 551 959; x_wconf 88' lang='lat' dir='ltr'><strong>dotibus</strong></span> <span class='ocrx_word' id='word_1_27' title='bbox 574 894 792 980; x_wconf 89' lang='lat' dir='ltr'><strong>conspicuus,</strong></span> <span class='ocrx_word' id='word_1_28' title='bbox 813 893 886 962; x_wconf 75' lang='lat' dir='ltr'><strong>sive</strong></span> <span class='ocrx_word' id='word_1_29' title='bbox 905 914 1011 958; x_wconf 89' lang='lat' dir='ltr'><strong>senex</strong></span> <span class='ocrx_word' id='word_1_30' title='bbox 1025 902 1121 973; x_wconf 76' lang='lat' dir='ltr'><strong>esset,</strong></span> 
     </span>
    </p>
   </div>
   <div class='ocr_carea' id='block_1_5' title="bbox 181 1012 1123 1708">
    <p class='ocr_par' dir='ltr' id='par_1_5' title="bbox 181 1012 1123 1708">
     <span class='ocr_line' id='line_1_6' title="bbox 266 1012 833 1099; baseline -0.014 -16"><span class='ocrx_word' id='word_1_31' title='bbox 266 1015 338 1083; x_wconf 83' lang='lat' dir='ltr'><strong>eive</strong></span> <span class='ocrx_word' id='word_1_32' title='bbox 358 1012 561 1079; x_wconf 83' lang='lat' dir='ltr'><strong>adolescens.</strong></span> <span class='ocrx_word' id='word_1_33' title='bbox 609 1094 611 1099; x_wconf 68' lang='lat'><strong>,</strong></span> <span class='ocrx_word' id='word_1_34' title='bbox 800 1075 833 1083; x_wconf 47' lang='lat'><strong>.,</strong></span> 
     </span>
     <span class='ocr_line' id='line_1_7' title="bbox 326 1126 1123 1242; baseline -0.01 -41"><span class='ocrx_word' id='word_1_35' title='bbox 326 1134 384 1200; x_wconf 78' lang='lat' dir='ltr'><strong>Ex</strong></span> <span class='ocrx_word' id='word_1_36' title='bbox 404 1131 561 1199; x_wconf 89' lang='lat' dir='ltr'><strong>omnibus</strong></span> <span class='ocrx_word' id='word_1_37' title='bbox 582 1129 636 1196; x_wconf 88' lang='lat' dir='ltr'><strong>his</strong></span> <span class='ocrx_word' id='word_1_38' title='bbox 651 1129 749 1196; x_wconf 85' lang='lat' dir='ltr'><strong>facile</strong></span> <span class='ocrx_word' id='word_1_39' title='bbox 761 1126 970 1212; x_wconf 72' lang='lat' dir='ltr'><strong>intelligitur,</strong></span> <span class='ocrx_word' id='word_1_40' title='bbox 984 1126 1123 1242; x_wconf 49' lang='lat' dir='ltr'><strong>Aristus</strong></span> 
     </span>
     <span class='ocr_line' id='line_1_8' title="bbox 203 1245 1121 1332; baseline -0.007 -17"><span class='ocrx_word' id='word_1_41' title='bbox 203 1312 205 1315; x_wconf 84' lang='lat'>.</span> <span class='ocrx_word' id='word_1_42' title='bbox 263 1252 364 1319; x_wconf 88' lang='lat' dir='ltr'><strong>telem</strong></span> <span class='ocrx_word' id='word_1_43' title='bbox 383 1252 449 1317; x_wconf 93' lang='lat' dir='ltr'><strong>hoc</strong></span> <span class='ocrx_word' id='word_1_44' title='bbox 470 1252 546 1317; x_wconf 87' lang='lat' dir='ltr'><strong>loco</strong></span> <span class='ocrx_word' id='word_1_45' title='bbox 566 1272 638 1315; x_wconf 88' lang='lat' dir='ltr'><strong>non</strong></span> <span class='ocrx_word' id='word_1_46' title='bbox 660 1248 702 1313; x_wconf 92' lang='lat' dir='ltr'><strong>de</strong></span> <span class='ocrx_word' id='word_1_47' title='bbox 720 1245 1050 1332; x_wconf 80' lang='lat' dir='ltr'><strong>Carthaginiensium</strong></span> <span class='ocrx_word' id='word_1_48' title='bbox 1063 1267 1121 1309; x_wconf 89' lang='lat' dir='ltr'><strong>se·-</strong></span> 
     </span>
     <span class='ocr_line' id='line_1_9' title="bbox 181 1352 1123 1459; baseline -0.005 -25"><span class='ocrx_word' id='word_1_49' title='bbox 181 1378 184 1385; x_wconf 87' lang='lat'>&#39;</span> <span class='ocrx_word' id='word_1_50' title='bbox 239 1410 242 1415; x_wconf 87' lang='lat'><em>·</em></span> <span class='ocrx_word' id='word_1_51' title='bbox 264 1368 459 1457; x_wconf 74' lang='lat' dir='ltr'><strong>natoribps,</strong></span> <span class='ocrx_word' id='word_1_52' title='bbox 481 1367 540 1433; x_wconf 89' lang='lat' dir='ltr'><strong>sed</strong></span> <span class='ocrx_word' id='word_1_53' title='bbox 560 1352 601 1431; x_wconf 93' lang='lat' dir='ltr'><strong>de</strong></span> <span class='ocrx_word' id='word_1_54' title='bbox 616 1364 752 1450; x_wconf 88' lang='lat' dir='ltr'><strong>regibus</strong></span> <span class='ocrx_word' id='word_1_55' title='bbox 766 1364 919 1430; x_wconf 89' lang='lat' dir='ltr'><strong>locutum</strong></span> <span class='ocrx_word' id='word_1_56' title='bbox 934 1385 1015 1429; x_wconf 89' lang='lat' dir='ltr'><strong>esse.</strong></span> <span class='ocrx_word' id='word_1_57' title='bbox 1033 1446 1039 1459; x_wconf 70' lang='lat'><strong>,</strong></span> <span class='ocrx_word' id='word_1_58' title='bbox 1058 1363 1123 1443; x_wconf 82' lang='lat' dir='ltr'><strong>At,</strong></span> 
     </span>
     <span class='ocr_line' id='line_1_10' title="bbox 260 1480 1123 1575; baseline -0.008 -24"><span class='ocrx_word' id='word_1_59' title='bbox 260 1490 334 1575; x_wconf 66' lang='lat' dir='ltr'><strong>ror</strong></span> <span class='ocrx_word' id='word_1_60' title='bbox 347 1480 484 1573; x_wconf 75' lang='grc' dir='ltr'><em>εὐτελής</em></span> <span class='ocrx_word' id='word_1_61' title='bbox 497 1494 665 1572; x_wconf 85' lang='lat' dir='ltr'><strong>repugnat</strong></span> <span class='ocrx_word' id='word_1_62' title='bbox 678 1482 845 1560; x_wconf 91' lang='lat' dir='ltr'><strong>omnibus,</strong></span> <span class='ocrx_word' id='word_1_63' title='bbox 870 1504 957 1569; x_wconf 85' lang='lat' dir='ltr'><strong>quae</strong></span> <span class='ocrx_word' id='word_1_64' title='bbox 968 1482 1010 1546; x_wconf 86' lang='lat' dir='ltr'><strong>de</strong></span> <span class='ocrx_word' id='word_1_65' title='bbox 1028 1481 1123 1566; x_wconf 86' lang='lat' dir='ltr'><strong>regi-</strong></span> 
     </span>
     <span class='ocr_line' id='line_1_11' title="bbox 262 1585 1123 1708; baseline -0.007 -39"><span class='ocrx_word' id='word_1_66' title='bbox 262 1608 327 1671; x_wconf 86' lang='lat' dir='ltr'><strong>bus</strong></span> <span class='ocrx_word' id='word_1_67' title='bbox 341 1585 533 1691; x_wconf 71' lang='lat' dir='ltr'><strong>disputasti,</strong></span> <span class='ocrx_word' id='word_1_68' title='bbox 547 1600 673 1685; x_wconf 76' lang='lat' dir='ltr'><strong>dixerit</strong></span> <span class='ocrx_word' id='word_1_69' title='bbox 686 1599 828 1708; x_wconf 62' lang='lat' dir='ltr'><strong>iortasse</strong></span> <span class='ocrx_word' id='word_1_70' title='bbox 841 1599 960 1687; x_wconf 88' lang='lat' dir='ltr'><strong>aliquis</strong></span> <span class='ocrx_word' id='word_1_71' title='bbox 973 1600 1123 1666; x_wconf 91' lang='lat' dir='ltr'><strong>Schnei-</strong></span> 
     </span>
    </p>
   </div>
   <div class='ocr_carea' id='block_1_6' title="bbox 262 1712 1125 1929">
    <p class='ocr_par' dir='ltr' id='par_1_6' title="bbox 262 1712 1125 1929">
     <span class='ocr_line' id='line_1_12' title="bbox 264 1712 1122 1805; baseline -0.002 -20"><span class='ocrx_word' id='word_1_72' title='bbox 264 1721 344 1787; x_wconf 88' lang='lat' dir='ltr'><strong>dero</strong></span> <span class='ocrx_word' id='word_1_73' title='bbox 376 1720 582 1801; x_wconf 87' lang='lat' dir='ltr'><strong>assentiens,</strong></span> <span class='ocrx_word' id='word_1_74' title='bbox 621 1719 680 1805; x_wconf 89' lang='lat' dir='ltr'><strong>qui</strong></span> <span class='ocrx_word' id='word_1_75' title='bbox 712 1712 856 1794; x_wconf 73' lang='grc' dir='ltr'><strong>εὐτελεῖς</strong></span> <span class='ocrx_word' id='word_1_76' title='bbox 889 1716 931 1782; x_wconf 86' lang='lat' dir='ltr'><strong>ad</strong></span> <span class='ocrx_word' id='word_1_77' title='bbox 963 1718 1122 1784; x_wconf 90' lang='lat' dir='ltr'><strong>homines</strong></span> 
     </span>
     <span class='ocr_line' id='line_1_13' title="bbox 262 1834 1125 1929; baseline 0 -26"><span class='ocrx_word' id='word_1_78' title='bbox 262 1840 508 1929; x_wconf 85' lang='lat' dir='ltr'><strong>pauperculos,</strong></span> <span class='ocrx_word' id='word_1_79' title='bbox 529 1858 601 1902; x_wconf 91' lang='lat' dir='ltr'><strong>non</strong></span> <span class='ocrx_word' id='word_1_80' title='bbox 621 1836 664 1901; x_wconf 89' lang='lat' dir='ltr'><strong>ad</strong></span> <span class='ocrx_word' id='word_1_81' title='bbox 684 1834 853 1918; x_wconf 83' lang='lat' dir='ltr'><strong>illustres,</strong></span> <span class='ocrx_word' id='word_1_82' title='bbox 873 1834 995 1901; x_wconf 85' lang='lat' dir='ltr'><strong>referri</strong></span> <span class='ocrx_word' id='word_1_83' title='bbox 1015 1835 1125 1903; x_wconf 89' lang='lat' dir='ltr'><strong>iubet.</strong></span> 
     </span>
    </p>
   </div>
   <div class='ocr_carea' id='block_1_7' title="bbox 259 1950 1239 2037">
    <p class='ocr_par' dir='ltr' id='par_1_7' title="bbox 259 1950 1239 2037">
     <span class='ocr_line' id='line_1_14' title="bbox 259 1950 1239 2037; baseline -0.007 -12"><span class='ocrx_word' id='word_1_84' title='bbox 259 1950 391 2027; x_wconf 48' lang='lat' dir='ltr'><strong>&#39;Errare</strong></span> <span class='ocrx_word' id='word_1_85' title='bbox 424 1954 512 2023; x_wconf 88' lang='lat' dir='ltr'><strong>mihi</strong></span> <span class='ocrx_word' id='word_1_86' title='bbox 547 1954 685 2021; x_wconf 75' lang='lat' dir='ltr'><strong>ridetur</strong></span> <span class='ocrx_word' id='word_1_87' title='bbox 718 1952 775 2020; x_wconf 82' lang='lat' dir='ltr'><strong>vir</strong></span> <span class='ocrx_word' id='word_1_88' title='bbox 807 1952 1124 2037; x_wconf 81' lang='lat' dir='ltr'><strong>aestumatissimus,</strong></span> <span class='ocrx_word' id='word_1_89' title='bbox 1237 2027 1239 2032; x_wconf 48' lang='grc'>,</span> 
     </span>
    </p>
   </div>
   <div class='ocr_carea' id='block_1_8' title="bbox 250 2068 1124 2277">
    <p class='ocr_par' dir='ltr' id='par_1_8' title="bbox 250 2068 1124 2277">
     <span class='ocr_line' id='line_1_15' title="bbox 263 2068 1124 2164; baseline -0.003 -23"><span class='ocrx_word' id='word_1_90' title='bbox 263 2076 353 2163; x_wconf 91' lang='lat' dir='ltr'><strong>quod</strong></span> <span class='ocrx_word' id='word_1_91' title='bbox 375 2068 521 2164; x_wconf 54' lang='grc' dir='ltr'><strong>εὐτελεῖς</strong></span> <span class='ocrx_word' id='word_1_92' title='bbox 541 2072 586 2137; x_wconf 80' lang='lat' dir='ltr'><strong>ad</strong></span> <span class='ocrx_word' id='word_1_93' title='bbox 607 2072 715 2138; x_wconf 89' lang='lat' dir='ltr'><strong>sclam</strong></span> <span class='ocrx_word' id='word_1_94' title='bbox 733 2074 865 2159; x_wconf 87' lang='lat' dir='ltr'><strong>generis</strong></span> <span class='ocrx_word' id='word_1_95' title='bbox 880 2072 1124 2139; x_wconf 80' lang='lat' dir='ltr'><strong>obscuritatem</strong></span> 
     </span>
     <span class='ocr_line' id='line_1_16' title="bbox 250 2189 1123 2277; baseline -0.001 -21"><span class='ocrx_word' id='word_1_96' title='bbox 250 2203 297 2258; x_wconf 72' lang='lat' dir='ltr'><strong>=et</strong></span> <span class='ocrx_word' id='word_1_97' title='bbox 318 2192 360 2255; x_wconf 91' lang='lat' dir='ltr'><strong>ad</strong></span> <span class='ocrx_word' id='word_1_98' title='bbox 382 2198 580 2277; x_wconf 76' lang='lat' dir='ltr'><strong>egestatem,</strong></span> <span class='ocrx_word' id='word_1_99' title='bbox 610 2189 757 2277; x_wconf 86' lang='lat' dir='ltr'><strong>ideoque</strong></span> <span class='ocrx_word' id='word_1_100' title='bbox 778 2190 822 2255; x_wconf 86' lang='lat' dir='ltr'><strong>ad</strong></span> <span class='ocrx_word' id='word_1_101' title='bbox 842 2192 1019 2257; x_wconf 87' lang='lat' dir='ltr'><strong>Senatores</strong></span> <span class='ocrx_word' id='word_1_102' title='bbox 1041 2192 1123 2277; x_wconf 85' lang='lat' dir='ltr'><strong>(qui</strong></span> 
     </span>
    </p>
   </div>
   <div class='ocr_carea' id='block_1_9' title="bbox 155 2306 1122 2399">
    <p class='ocr_par' dir='ltr' id='par_1_9' title="bbox 155 2306 1122 2399">
     <span class='ocr_line' id='line_1_17' title="bbox 155 2306 1122 2399; baseline 0.001 -27"><span class='ocrx_word' id='word_1_103' title='bbox 155 2310 166 2333; x_wconf 74' lang='lat'>²</span> <span class='ocrx_word' id='word_1_104' title='bbox 262 2306 420 2396; x_wconf 81' lang='lat' dir='ltr'><strong>prolecto</strong></span> <span class='ocrx_word' id='word_1_105' title='bbox 435 2327 508 2373; x_wconf 93' lang='lat' dir='ltr'><strong>non</strong></span> <span class='ocrx_word' id='word_1_106' title='bbox 529 2332 642 2376; x_wconf 87' lang='lat' dir='ltr'><strong>omnes</strong></span> <span class='ocrx_word' id='word_1_107' title='bbox 661 2308 862 2399; x_wconf 82' lang='lat' dir='ltr'><strong>pauperculi</strong></span> <span class='ocrx_word' id='word_1_108' title='bbox 882 2310 1010 2393; x_wconf 82' lang='lat' dir='ltr'><strong>erantt)</strong></span> <span class='ocrx_word' id='word_1_109' title='bbox 1043 2308 1122 2373; x_wconf 86' lang='lat' dir='ltr'><strong>La-</strong></span> 
     </span>
    </p>
   </div>
   <div class='ocr_carea' id='block_1_10' title="bbox 168 2424 1161 3579">
    <p class='ocr_par' dir='ltr' id='par_1_10' title="bbox 168 2424 1161 3457">
     <span class='ocr_line' id='line_1_18' title="bbox 262 2424 1124 2527; baseline 0.002 -40"><span class='ocrx_word' id='word_1_110' title='bbox 262 2424 561 2527; x_wconf 74' lang='lat' dir='ltr'><strong>cedaemoniorum·</strong></span> <span class='ocrx_word' id='word_1_111' title='bbox 578 2427 750 2517; x_wconf 86' lang='lat' dir='ltr'><strong>pertinere</strong></span> <span class='ocrx_word' id='word_1_112' title='bbox 770 2439 883 2515; x_wconf 89' lang='lat' dir='ltr'><strong>putet,</strong></span> <span class='ocrx_word' id='word_1_113' title='bbox 904 2448 982 2493; x_wconf 91' lang='lat' dir='ltr'><strong>cum</strong></span> <span class='ocrx_word' id='word_1_114' title='bbox 1000 2437 1124 2491; x_wconf 86' lang='lat' dir='ltr'><strong>tamen</strong></span> 
     </span>
     <span class='ocr_line' id='line_1_19' title="bbox 262 2530 1161 2634; baseline 0.002 -26"><span class='ocrx_word' id='word_1_115' title='bbox 262 2530 372 2630; x_wconf 74' lang='lat' dir='ltr'><strong>neque</strong></span> <span class='ocrx_word' id='word_1_116' title='bbox 392 2542 487 2608; x_wconf 91' lang='lat' dir='ltr'><strong>notio</strong></span> <span class='ocrx_word' id='word_1_117' title='bbox 507 2544 602 2611; x_wconf 84' lang='lat' dir='ltr'><strong>verbi</strong></span> <span class='ocrx_word' id='word_1_118' title='bbox 622 2562 734 2634; x_wconf 87' lang='lat' dir='ltr'><strong>neque</strong></span> <span class='ocrx_word' id='word_1_119' title='bbox 755 2544 919 2612; x_wconf 86' lang='lat' dir='ltr'><strong>derivatio</strong></span> <span class='ocrx_word' id='word_1_120' title='bbox 935 2544 1024 2609; x_wconf 90' lang='lat' dir='ltr'><strong>hanc</strong></span> <span class='ocrx_word' id='word_1_121' title='bbox 1036 2543 1123 2609; x_wconf 89' lang='lat' dir='ltr'><strong>uni-</strong></span> <span class='ocrx_word' id='word_1_122' title='bbox 1153 2576 1161 2585; x_wconf 47' lang='lat'><strong>⁴</strong></span> 
     </span>
     <span class='ocr_line' id='line_1_20' title="bbox 168 2639 1123 2751; baseline 0.003 -27"><span class='ocrx_word' id='word_1_123' title='bbox 168 2743 170 2751; x_wconf 18' lang='lat' dir='ltr'><strong><em>J</em></strong></span> <span class='ocrx_word' id='word_1_124' title='bbox 263 2648 337 2726; x_wconf 87' lang='lat' dir='ltr'><strong>cam</strong></span> <span class='ocrx_word' id='word_1_125' title='bbox 358 2639 639 2746; x_wconf 87' lang='lat' dir='ltr'><strong>significationem</strong></span> <span class='ocrx_word' id='word_1_126' title='bbox 660 2662 849 2730; x_wconf 85' lang='lat' dir='ltr'><strong>confirmet.</strong></span> <span class='ocrx_word' id='word_1_127' title='bbox 890 2656 1123 2751; x_wconf 68' lang='lat' dir='ltr'><strong>Edeetu&#39;sap-</strong></span> 
     </span>
     <span class='ocr_line' id='line_1_21' title="bbox 262 2758 1121 2869; baseline 0.001 -27"><span class='ocrx_word' id='word_1_128' title='bbox 262 2768 427 2869; x_wconf 85' lang='lat' dir='ltr'><strong>pellatur,</strong></span> <span class='ocrx_word' id='word_1_129' title='bbox 465 2758 528 2866; x_wconf 85' lang='lat' dir='ltr'><strong>qui</strong></span> <span class='ocrx_word' id='word_1_130' title='bbox 549 2778 647 2846; x_wconf 89' lang='lat' dir='ltr'><strong>tenui</strong></span> <span class='ocrx_word' id='word_1_131' title='bbox 667 2765 768 2847; x_wconf 46' lang='lat' dir='ltr'><strong>”victu</strong></span> <span class='ocrx_word' id='word_1_132' title='bbox 795 2781 904 2848; x_wconf 84' lang='lat' dir='ltr'><strong>vitam</strong></span> <span class='ocrx_word' id='word_1_133' title='bbox 939 2792 1121 2846; x_wconf 77' lang='lat' dir='ltr'><strong>sustentat.</strong></span> 
     </span>
     <span class='ocr_line' id='line_1_22' title="bbox 261 2889 1122 2988; baseline -0.001 -26"><span class='ocrx_word' id='word_1_134' title='bbox 261 2896 339 2962; x_wconf 83' lang='lat' dir='ltr'><strong>Huc</strong></span> <span class='ocrx_word' id='word_1_135' title='bbox 370 2896 553 2985; x_wconf 87' lang='lat' dir='ltr'><strong>praecipue</strong></span> <span class='ocrx_word' id='word_1_136' title='bbox 578 2898 616 2964; x_wconf 86' lang='lat' dir='ltr'><strong>in</strong></span> <span class='ocrx_word' id='word_1_137' title='bbox 637 2889 803 2988; x_wconf 81' lang='lat' dir='ltr'><strong>pauperes</strong></span> <span class='ocrx_word' id='word_1_138' title='bbox 824 2910 859 2963; x_wconf 91' lang='lat' dir='ltr'><strong>et</strong></span> <span class='ocrx_word' id='word_1_139' title='bbox 877 2898 1022 2984; x_wconf 78' lang='lat' dir='ltr'><strong>ignobili</strong></span> <span class='ocrx_word' id='word_1_140' title='bbox 1042 2898 1122 2962; x_wconf 84' lang='lat' dir='ltr'><strong>loco</strong></span> 
     </span>
     <span class='ocr_line' id='line_1_23' title="bbox 262 3010 1156 3103; baseline 0.002 -26"><span class='ocrx_word' id='word_1_141' title='bbox 262 3017 356 3078; x_wconf 79' lang='lat' dir='ltr'><strong>natos</strong></span> <span class='ocrx_word' id='word_1_142' title='bbox 378 3015 496 3080; x_wconf 79' lang='lat' dir='ltr'><strong>radere</strong></span> <span class='ocrx_word' id='word_1_143' title='bbox 515 3036 587 3079; x_wconf 86' lang='lat' dir='ltr'><strong>non</strong></span> <span class='ocrx_word' id='word_1_144' title='bbox 608 3036 707 3101; x_wconf 91' lang='lat' dir='ltr'><strong>nego,</strong></span> <span class='ocrx_word' id='word_1_145' title='bbox 728 3028 877 3081; x_wconf 87' lang='lat' dir='ltr'><strong>attamen</strong></span> <span class='ocrx_word' id='word_1_146' title='bbox 893 3010 1034 3103; x_wconf 73' lang='grc' dir='ltr'><strong>εὐτελής</strong></span> <span class='ocrx_word' id='word_1_147' title='bbox 1046 3035 1122 3080; x_wconf 86' lang='lat' dir='ltr'><strong>non</strong></span> <span class='ocrx_word' id='word_1_148' title='bbox 1152 3092 1156 3100; x_wconf 33' lang='grc' dir='ltr'><strong><em>Ι</em></strong></span> 
     </span>
     <span class='ocr_line' id='line_1_24' title="bbox 239 3126 1123 3219; baseline 0 -22"><span class='ocrx_word' id='word_1_149' title='bbox 239 3168 245 3177; x_wconf 85' lang='lat'><em>·</em></span> <span class='ocrx_word' id='word_1_150' title='bbox 262 3130 412 3197; x_wconf 86' lang='lat' dir='ltr'><strong>absolute</strong></span> <span class='ocrx_word' id='word_1_151' title='bbox 430 3153 618 3219; x_wconf 85' lang='lat' dir='ltr'><strong>pauperem</strong></span> <span class='ocrx_word' id='word_1_152' title='bbox 637 3131 774 3198; x_wconf 85' lang='lat' dir='ltr'><strong>indicat</strong></span> <span class='ocrx_word' id='word_1_153' title='bbox 817 3126 979 3209; x_wconf 73' lang='grc' dir='ltr'><strong>Εὗτελεῑς</strong></span> <span class='ocrx_word' id='word_1_154' title='bbox 995 3132 1123 3198; x_wconf 86' lang='lat' dir='ltr'><strong>dieun-</strong></span> 
     </span>
     <span class='ocr_line' id='line_1_25' title="bbox 261 3248 1124 3339; baseline 0.009 -27"><span class='ocrx_word' id='word_1_155' title='bbox 261 3260 317 3313; x_wconf 88' lang='lat' dir='ltr'><strong>tur</strong></span> <span class='ocrx_word' id='word_1_156' title='bbox 338 3248 441 3315; x_wconf 88' lang='lat' dir='ltr'><strong>etiam</strong></span> <span class='ocrx_word' id='word_1_157' title='bbox 461 3272 516 3315; x_wconf 88' lang='lat' dir='ltr'><strong>res</strong></span> <span class='ocrx_word' id='word_1_158' title='bbox 538 3261 572 3314; x_wconf 90' lang='lat' dir='ltr'><strong>et</strong></span> <span class='ocrx_word' id='word_1_159' title='bbox 592 3271 739 3332; x_wconf 85' lang='lat' dir='ltr'><strong>merces,</strong></span> <span class='ocrx_word' id='word_1_160' title='bbox 761 3272 848 3337; x_wconf 87' lang='lat' dir='ltr'><strong>quae</strong></span> <span class='ocrx_word' id='word_1_161' title='bbox 868 3250 994 3337; x_wconf 86' lang='lat' dir='ltr'><strong>exiguo</strong></span> <span class='ocrx_word' id='word_1_162' title='bbox 1005 3252 1124 3339; x_wconf 87' lang='lat' dir='ltr'><strong>pretio</strong></span> 
     </span>
     <span class='ocr_line' id='line_1_26' title="bbox 261 3342 1125 3457; baseline 0.01 -29"><span class='ocrx_word' id='word_1_163' title='bbox 261 3378 433 3447; x_wconf 82' lang='lat' dir='ltr'><strong>emantur,</strong></span> <span class='ocrx_word' id='word_1_164' title='bbox 463 3342 606 3453; x_wconf 87' lang='lat' dir='ltr'><strong>ideoque</strong></span> <span class='ocrx_word' id='word_1_165' title='bbox 628 3361 729 3435; x_wconf 85' lang='lat' dir='ltr'><strong>facile</strong></span> <span class='ocrx_word' id='word_1_166' title='bbox 740 3368 877 3457; x_wconf 79' lang='lat' dir='ltr'><strong>acquiri</strong></span> <span class='ocrx_word' id='word_1_167' title='bbox 897 3369 1053 3457; x_wconf 76' lang='lat' dir='ltr'><strong>possint3</strong></span> <span class='ocrx_word' id='word_1_168' title='bbox 1075 3392 1125 3437; x_wconf 76' lang='lat' dir='ltr'><strong>ex</strong></span> 
     </span>
    </p>

    <p class='ocr_par' dir='ltr' id='par_1_11' title="bbox 248 3484 1124 3579">
     <span class='ocr_line' id='line_1_27' title="bbox 248 3484 1124 3579; baseline 0.01 -33"><span class='ocrx_word' id='word_1_169' title='bbox 248 3506 328 3579; x_wconf 13' lang='lat' dir='ltr'><strong>&#39;quo</strong></span> <span class='ocrx_word' id='word_1_170' title='bbox 356 3484 466 3549; x_wconf 82' lang='lat' dir='ltr'><strong>oritur</strong></span> <span class='ocrx_word' id='word_1_171' title='bbox 492 3504 581 3551; x_wconf 86' lang='lat' dir='ltr'><strong>nova</strong></span> <span class='ocrx_word' id='word_1_172' title='bbox 607 3485 704 3552; x_wconf 84' lang='lat' dir='ltr'><strong>verbi</strong></span> <span class='ocrx_word' id='word_1_173' title='bbox 725 3487 819 3559; x_wconf 90' lang='lat' dir='ltr'><strong>notio</strong></span> <span class='ocrx_word' id='word_1_174' title='bbox 824 3516 839 3569; x_wconf 86' lang='lat'><strong>,·</strong></span> <span class='ocrx_word' id='word_1_175' title='bbox 866 3508 946 3555; x_wconf 78' lang='lat' dir='ltr'><strong>rare</strong></span> <span class='ocrx_word' id='word_1_176' title='bbox 968 3487 1124 3574; x_wconf 87' lang='lat' dir='ltr'><strong>quidem,</strong></span> 
     </span>
    </p>
   </div>
   <div class='ocr_carea' id='block_1_11' title="bbox 0 0 1246 4334">
    <p class='ocr_par' dir='ltr' id='par_1_12' title="bbox 0 0 1246 4334">
     <span class='ocr_line' id='line_1_28' title="bbox 0 0 1246 4334; baseline 0 0"><span class='ocrx_word' id='word_1_177' title='bbox 0 0 1246 4334; x_wconf 95' lang='lat' dir='ltr'><strong> </strong></span> 
     </span>
    </p>
   </div>
  </div>
 </body>
</html>
