2484 4334
480 366 647 455 ..tn-

136 552 171 605 et
202 535 328 610 diutius
349 540 468 613 ceteris
489 537 741 629 magls'tratibup
758 552 923 629 regnant:
956 544 1014 630 bi

88 701 94 707 -
134 658 274 725 nonnisi
314 681 357 725 ex
390 656 631 747 potentissimis
669 657 815 734 civitatis
853 660 991 747 familiis

33 817 43 829 ·
134 778 212 865 eligi
235 788 387 867 possunt.

198 922 200 929 ’
221 897 332 985 Supra
352 896 423 961 iam
445 894 688 977 demonstravi,
710 894 888 981 collegium
908 890 992 963 oen-

134 1014 365 1083 tumvirorum
395 1034 466 1078 non
494 999 606 1079 soluni
635 1034 657 1076 a
676 1011 896 1080 redeuntibus
923 1016 991 1081 tlu-
1037 1092 1044 1104 ¹
1091 1009 1106 1042 ³

134 1132 230 1198 cibus
259 1133 428 1199 rationem
458 1119 609 1218 exegisse
639 1152 778 1211 eorum,
805 1152 893 1217 quae
914 1152 992 1218 ger-

135 1250 272 1333 sissent,
287 1239 413 1329 ‘uerum
432 1248 535 1315 etiam
557 1259 715 1326 cunctam
731 1258 909 1314 externam
925 1270 992 1336 gu-

133 1367 368 1457 bernationem
384 1364 598 1432 moderatum
609 1371 698 1435 'esse
738 1365 909 1432 Externas
927 1390 992 1439 au-

119 1498 204 1551 tom
224 1484 439 1575 provincias
471 1483 709 1549 administrare
744 1504 816 1549 nou
849 1472 992 1551 minoris

135 1614 209 1669 erat
228 1602 392 1719 momenti
413 1622 516 1688 quam
536 1602 625 1667 bella
647 1622 781 1688 gerere,
802 1612 837 1667 et
856 1619 993 1689 regres-

71 1704 80 1716 ’
134 1740 190 1787 soe
238 1678 479 1817 quinqueviros
520 1718 594 1784 siue
632 1718 735 1785 (lubio
771 1720 994 1813 centumviris
1081 1736 1085 1742 “

131 1822 302 1903 ‘iudicibus
333 1817 586 1924 procurationis
615 1846 650 1899 et
676 1855 794 1899 rerum
824 1848 994 1922 gestarum

135 1954 306 2021 rationem
334 1974 442 2039 aeque
469 1952 612 2017 reddere
634 1950 812 2039 oportebat
831 1974 870 2017 ao
891 1952 993 2017 duces

135 2058 301 2141 reversos.
328 2068 461 2157 ·Quam
482 2090 601 2137 severa
621 2068 708 2134 baec
727 2066 851 2132 iudicia
863 2067 994 2133 floren-

134 2189 272 2256 tissimis
281 2191 477 2255 Poenorum
488 2187 590 2254 rebus
604 2184 743 2260 fuerint,
756 2184 865 2251 multa
876 2208 1006 2268 exeme-
1023 2198 1032 2217 ·’
1117 2207 1122 2217 ‘

71 2318 76 2325 ·
112 2306 193 2395 ‚pla
210 2304 341 2405 docent.
378 2307 498 2394 Itaque
512 2304 709 2399 mirandum
721 2322 793 2367 non
808 2314 870 2385 eet,
887 2304 996 2392 quin.

137 2423 296 2513 queviros
314 2390 449 2489 sunimo
466 2422 577 2490 studio
597 2421 635 2488 id
657 2432 843 2511 spectasse,
852 2434 902 2489 ut
914 2406 995 2489 mo.⁴

134 2543 254 2609 lostam
288 2542 386 2607 illam
421 2540 714 2608 centumuirorum
755 2541 994 2609 auctoritatem

135 2644 349 2740 minuerent,
370 2668 431 2723 aut
452 2658 573 2723 callide
592 2680 614 2722 a
630 2680 667 2723 se
678 2670 882 2725 averterent.
924 2662 993 2727 Fa·
1036 2727 1042 2733 ,

133 2776 199 2847 cite
220 2789 335 2858 autern
355 2776 421 2877 hoc
442 2777 518 2843 fieri
528 2786 681 2867 poterat,
701 2771 869 2860 quianon
882 2776 994 2846 solum
1025 2815 1062 2862 ,g

135 2892 342 2961 centumviri
363 2918 408 2960 ex
429 2892 659 2975 senatoribus,
692 2889 837 2977 ideoque
857 2914 901 2961 ex
931 2918 995 2984 op-
1022 2900 1025 2906 “

135 3004 311 3079 timetibus
334 3017 556 3099 creabantur,
576 3010 636 3077 sed
657 3008 759 3075 etiam
777 3010 996 3100 quinqueviri

134 3152 182 3197 ex
203 3126 402 3218 proceribus
423 3131 681 3220 cooptabantur.
723 3128 902 3195 Plurimi
890 3130 995 3217 rgitur

136 3270 258 3314 eorum
278 3247 443 3315 intererat
463 3249 528 3332 sihi
556 3223 732 3312 conciliari
762 3245 895 3313 Iudices
923 3260 994 3328 tam

135 3376 311 3454 potentes,
339 3378 382 3435 ut
398 3388 468 3433 una
489 3389 567 3433 cum
588 3366 631 3431 iis
651 3353 849 3431 auctoritate
870 3378 905 3432 et
924 3365 995 3433 im·
1056 3377 1060 3383 ’

134 3484 234 3571 perio
251 3474 416 3569 vigerent.
460 3482 594 3569 Quibus
609 3482 740 3549 artibus
755 3481 821 3548 hoo
836 3484 995 3550 effectum
1072 3485 1076 3502 ⁸
