2484 4334
605 380 770 469 ...⁸2-

259 558 303 624 ad
324 580 420 627 suam
442 551 640 642 opinionem
653 552 879 643 probandam,
899 561 984 641 qnae
997 564 1141 620 tamen‘

236 676 324 743 'hoo
367 696 457 743 vano
497 683 699 758 argumento
731 672 948 763 potissimum
980 673 1115 741 nititur.

192 805 195 819 '
258 792 295 860 Si
321 798 403 858 ve‘ro
419 790 466 857 ad
489 812 529 855 ea
549 790 773 879 respexisset,
801 812 890 878 quae
911 790 1116 857 Aristoteles
1136 806 1147 811 ’

258 912 301 975 de
321 909 455 996 regibus
476 906 563 975 lihro
586 909 736 974 secundo
756 916 791 990 ι)
813 908 967 983 dixerat,
989 907 1033 974 de
1052 933 1119 976 eo-

256 1020 335 1095 runa
364 1021 511 1116 εὐτελείᾳ
539 1048 611 1090 non
641 1026 871 1093 dubitavisset.
918 1027 1117 1123 'Manifesta

258 1146 349 1212 enirn
376 1146 414 1211 iu
444 1130 797 1211 Lacedaemoniorum
832 1142 975 1209 historia
1012 1166 1117 1233 repe-

256 1265 394 1330 riuntur
415 1262 639 1345 documenta,
660 1285 706 1328 ex
727 1263 849 1358 quibus
869 1273 985 1351 patet,
1006 1284 1115 1359 reges,

187 1376 206 1453 J
256 1383 285 1448 si
312 1379 442 1466 vulgari
469 1379 608 1466 ingenio
631 1380 864 1466 indulgerent,
893 1379 1117 1455 vehementer

256 1496 503 1587 rempublicam
516 1498 744 1585 perturbasse.
786 1498 927 1562 Constat
938 1496 1040 1579 enim,
1056 1498 1116 1563 in-

154 1699 156 1707 ,
255 1630 308 1681 ter
327 1616 391 1681 hos
412 1638 509 1701 reges
531 1638 552 1681 a
574 1615 721 1683 civitatis
743 1592 944 1703 primordiis
959 1617 1116 1683 aemula-

254 1736 383 1804 tionem
408 1734 581 1821 qnandam
608 1746 643 1801 et
662 1732 814 1799 studium
835 1732 904 1797 suis
928 1735 1116 1799 commodis

255 1850 454 1935 consulendi
483 1863 597 1919 ortum
625 1874 709 1919 esse.
758 1839 943 1918 Plutarcho
971 1864 1057 1917 teste
1077 1854 1116 1933 a)

207 2030 210 2043 ,
254 1971 424 2059 Eurypon
434 1992 498 2035 rex
511 1970 728 2037 nobilitatem
736 1968 868 2054 generis
877 1980 911 2033 et
921 1966 1028 2035 animi
1041 1990 1117 2034 non

189 2074 193 2083 ¹
255 2088 416 2169 servavit,
436 2087 561 2175 quippe
574 2087 635 2177 qui
648 2086 762 2173 regiae
773 2088 935 2173 potestati
946 2067 1119 2162 obtrecta-

254 2214 307 2269 ret
324 2212 359 2267 et
373 2224 492 2286 auram
505 2204 707 2290 popularem
718 2214 882 2291 captaret.
925 2205 1005 2292 Quo
1020 2205 1132 2288 facto¹

253 2318 388 2409 imperii
406 2330 440 2384 et
457 2306 571 2406 legum
593 2320 789 2421 dissolutio,
809 2321 1017 2409 reipublicae
1031 2348 1117 2413 per·-

160 2497 162 2509 .
254 2438 403 2503 turbatio
425 2436 599 2525 etpopuli
619 2438 758 2503 lieentia
775 2439 812 2503 in
828 2438 963 2514 diesita
979 2430 1117 2508 erescess-

254 2556 327 2633 bat,
348 2566 387 2621 ut
407 2552 543 2639 regibus
565 2555 749 2622 subsecutis
770 2556 967 2644 frequenter
981 2580 1120 2647 oppor-

244 2656 380 2738 ‘tenitas
403 2670 585 2753 afferretur
605 2674 644 2739 in
665 2674 865 2741 alterutram
882 2665 1015 2764 partem
1029 2698 1116 2764 pec-

252 2791 371 2871 candi,
400 2802 435 2855 et
456 2790 557 2858 modo
579 2772 759 2859 severitate
779 2791 896 2858 odium
916 2793 1024 2881 plebis
1045 2797 1116 2865 sibi

179 2956 182 2965 ,
252 2907 499 2987 contraherent,
520 2908 622 2973 modo
638 2932 683 2974 ex
697 2908 908 2994 indulgentia
923 2923 958 2977 et
972 2911 1117 2998 imperii
1225 2980 1229 2985 .

188 3106 191 3113 ,
251 3020 391 3088 laxitate
420 3023 657 3092 anctoritatem
683 3023 932 3097 deminuererit.
973 3030 1117 3120 Leoty-

278 3374 311 3454 ι)
333 3378 371 3450 6,
397 3380 442 3437 tls.
