2484 4334
442 411 608 496 „gu-
698 465 702 474 a

96 585 270 650 affectatae
278 582 478 650 Aristoteles
494 583 847 679 all'errenonpoterat,
861 551 958 672 duod,

96 705 164 770 iam
187 703 394 784 decesserat,
423 702 709 794 comptemerario
741 702 806 767 isto
828 695 953 770 conatu

95 821 214 887 civitas
238 821 312 887 aliis
335 820 433 887 malis
455 821 526 887 iam
548 807 675 886 afflicta
695 823 732 884 in
753 827 883 887 novum
896 820 952 886 id-

83 909 161 1025 ¹que
174 939 179 951 “
192 961 365 1011 summum
392 937 575 1004 discrimen
601 936 835 1005 adduceretur.
885 941 951 1006 Sed

95 1060 169 1121 tuin
190 1078 325 1143 quoque
345 1055 535 1143 permansit
555 1055 593 1120 in
614 1067 706 1122 statu
727 1079 789 1122 suo
804 1057 951 1123 Oartbass

94 1149 304 1272 giniensiurn
323 1174 533 1262 respublica,
557 1185 592 1239 et
612 1186 762 1263 tyranno
785 1186 906 1241 necato
919 1188 953 1240 et
1011 1232 1013 1239 .

92 1270 285 1379 Agathocle
305 1276 486 1381 interemto
508 1315 629 1358 eorum
649 1315 730 1383 opes
752 1303 833 1356 sunt
853 1292 953 1358 resti:

92 1415 202 1491 tutae,
239 1410 396 1497 viresque
434 1388 588 1477 relectae.
626 1447 671 1460 -
720 1409 952 1478 Vehementer

91 1553 176 1596 saue
210 1530 393 1598 dolendum
424 1540 492 1606 est,
528 1515 714 1617 scriptores¹
738 1527 889 1594 Graecos
919 1539 953 1591 et

90 1634 269 1734 Romanos
285 1661 489 1736 tampauca
510 1647 553 1712 de
571 1645 691 1734 populi
717 1638 849 1712 iuribus
878 1659 956 1714 tra-.

91 1768 227 1836 didisse.
244 1782 247 1790 '
271 1771 413 1836 Praeter
433 1765 657 1831 Aristotelem
687 1763 851 1851 Polybius
868 1764 953 1850 qui-

91 1887 171 1950 dem
199 1885 408 1951 mentionem
436 1881 556 1968 populi
584 1879 685 1959 facit,
719 1901 866 1965 eumque
887 1905 952 1966 po·
976 1911 985 1924 =

92 2014 213 2066 testate
233 2000 346 2086 aliqua
363 2021 465 2061 usum
487 1995 591 2059 fuisse
613 2005 798 2082 memorat3
829 1994 953 2082 inquo
1011 2041 1017 2054 ,
1054 1969 1058 1982 Ι

92 2133 214 2191 autem
239 2119 335 2208 haec
354 2113 420 2178 sita
442 2111 565 2195 fuerit,
593 2134 664 2175 non
687 2111 844 2178 declarat.
875 2113 953 2198 'Sed

92 2261 136 2302 ex
168 2228 501 2329 Carthaginiensium
527 2228 680 2294 ¹historia
714 2229 840 2316 liquet,
874 2239 953 2296 ante

91 2352 181 2426 bella
213 2377 293 2422 oum
321 2332 486 2445 Romanis
514 2353 782 2434 gesta'aequam
802 2353 953 2437 propor-

95 2471 223 2536 tionem
236 2472 268 2560 *)
290 2483 323 2537 et
343 2469 486 2559 propria
506 2465 583 2532 iura
603 2465 726 2552 cuique
750 2464 876 2533 civium
892 2491 952 2534 or·

127 2754 156 2844 *)
177 2763 371 2828 Vehementer
378 2769 507 2846 gravisus
519 2786 595 2837 sum,
606 2763 682 2821 banc
695 2760 863 2845 senteutiam
879 2781 952 2819 con-

181 2852 289 2910 firmari
318 2857 464 2913 Ciceronis
488 2851 605 2911 iudicio.
654 2852 800 2924 Leguutur
822 2846 952 2904 enimin

126 2948 128 2959 '
181 2939 255 3018 Rep3
283 2961 299 2995 a
323 2931 497 3017 lllaioedita
518 2963 548 3020 p.
574 2929 644 3016 177.
667 2936 752 2992 haec:
779 2935 879 3012 Itaque
897 2931 953 2990 ista

181 3023 378 3100 aequabilitas*
391 3039 477 3103 atque
498 3025 554 3082 hoc
575 3020 681 3098 tripler't
701 3041 798 3100 rerum
814 3018 952 3096 publica-

181 3129 247 3166 rum
260 3130 359 3185 ‹gerrus
379 3113 496 3171 videtur
516 3107 589 3167 mihi
607 3127 762 3165 commuue
784 3104 867 3180 nobis
885 3124 952 3162 cum

178 3193 239 3252 illis
261 3192 380 3275 populis
409 3198 507 3254 fuisse.
558 3193 617 3250 Sed
639 3193 718 3270 quud
739 3190 893 3268 proprium
915 3189 954 3246 sit

182 3281 212 3336 in
231 3295 329 3340 nostre
349 3282 509 3362 republica,
526 3277 776 3357 quanihitpossit
791 3295 850 3334 esse
865 3294 952 3354 prae-
990 3322 994 3333 ,
1039 3271 1043 3296 “
1084 3303 1087 3308 ·

94 3409 98 3417 .
180 3363 296 3438 clarius,
314 3369 346 3426 id
354 3388 523 3448 persequar,
541 3365 566 3422 si
579 3378 692 3442 potero,
706 3361 852 3434 subtilius,
870 3361 953 3436 quod
1039 3403 1042 3414 .

184 3451 239 3510 erit
260 3453 418 3526 eiusmodi,
439 3452 514 3510 nihil
536 3456 569 3508 ut
591 3450 649 3511 tale
664 3449 728 3506 'ulla
751 3449 781 3504 iu
803 3445 952 3525 republica

181 3538 348 3617 reperiatur.
387 3543 466 3598 Hace
485 3535 576 3608 euim,
605 3554 681 3612 quae
710 3529 953 3611 adhucexposui,
