2484 4334
612 314 777 401 Q

268 489 391 563 merito
427 486 653 589 Sghneiderus
696 486 878 576 impugnat
917 490 1127 556 ‘sententiam

217 621 220 629 '
271 592 439 695 Giphanii
470 617 540 674 tem
567 603 741 695 ingeniose
763 618 797 674 et
817 605 1127 697 scuteliudioanth,

267 724 327 813 qui
341 736 478 793 tantum
494 714 684 809 abfuittut
703 718 823 795 solus
843 725 936 790 inter
949 746 1127 792 commen-

229 878 233 884 ·
266 854 391 913 tutores
420 843 594 907 aberraret
623 861 645 904 a
673 862 755 907 vero
788 862 908 919 sensu,
942 851 982 905 ut
1010 840 1125 928 potius

265 962 385 1037 solus
406 959 497 1030 haue
519 957 718 1029 interiorem
745 956 1071 1047 quinqueviratuum
1092 970 1127 1022 et

269 1079 564 1147 centumvirornm
584 1075 880 1159 coniunctionem,
912 1074 955 1141 de
975 1097 1045 1163 qua
1064 1098 1127 1139 su·

120 1194 122 1211 '
207 1250 215 1263 r
263 1211 332 1285 pre
366 1194 558 1287 disputavi,
591 1195 814 1284 intelligeret,
840 1194 994 1281 mihique
1031 1192 1126 1260 viam

264 1313 431 1399 muniret,
454 1336 523 1404 qua
543 1313 686 1383 ulterius
709 1334 905 1407 progressus
924 1335 1004 1379 sum
1017 1318 1062 1393 t),

285 1620 318 1702 ΙΙΙ)
340 1624 412 1683 Eius
430 1612 570 1685 se'ntentia
585 1625 657 1686 haec
674 1638 730 1687 est:
752 1627 865 1699 „Erant
878 1620 1049 1701 Carthagine
1065 1616 1125 1680 duo

245 1726 252 1745 ‘
348 1713 485 1781 summi
505 1714 702 1789 magistratus,
724 1711 968 1788 Quinqneriratus
989 1720 1018 1765 et
1039 1710 1126 1770 Cen-

288 1829 291 1843 ·
349 1798 539 1873 tumviratus,
563 1820 687 1876 quorum
710 1800 782 1857 haee
801 1809 863 1855 erat
882 1792 1126 1869 ratioilesignan-

347 1883 467 1959 dorum,
491 1898 523 1943 ut
545 1879 731 1965 quinqueviri
751 1904 810 1941 non
832 1904 868 1941 ex
882 1881 991 1961 optimo
1005 1898 1124 1957 quoqne

348 1989 442 2047 neque
471 1970 509 2028 ab
537 1971 619 2028 omni
642 1972 778 2044 civitate,
814 1969 866 2027 sed
896 1988 913 2024 a
939 1986 970 2025 se
998 1964 1057 2044 ipsi
1090 1984 1125 2021 ex

347 2054 510 2113 Centum
541 2056 658 2131 viris,
694 2056 726 2113 id
755 2059 813 2126 est,
855 2073 954 2112 eorum
984 2051 1124 2135 arbitratu

347 2139 549 2213 deligerentur.
592 2142 681 2215 Quod
703 2139 907 2217 oligerohieum
929 2158 992 2195 esse
1007 2137 1123 2195 Aristo-

348 2223 420 2281 teles
442 2224 498 2283 hoo
517 2221 580 2285 loco
604 2239 633 2285 et
646 2227 722 2284 lihro
736 2238 838 2303 quarto
851 2223 1036 2281 Politicorum
1051 2242 1123 2279 cen-

348 2321 402 2365 set.
433 2310 576 2369 *Deinde
611 2333 772 2388 paucorum
810 2310 988 2368 dominatum
1026 2306 1125 2387 prodit

347 2393 443 2450 etiam
458 2394 531 2466 hoo,
551 2397 632 2472 quod
653 2396 743 2453 iidem
765 2397 796 2454 in
820 2405 961 2474 perpetuo
983 2395 1045 2451 l'ere
1066 2392 1124 2449 sint

275 2550 278 2569 Ι
345 2480 531 2555 magistratu,
554 2483 622 2559 quia
644 2481 844 2543 administrato
863 2481 973 2538 scilicet
988 2492 1123 2537 centnm-

258 2576 262 2587 “
344 2565 439 2646 ¹viratu
454 2566 525 2624 liant
538 2581 604 2645 post
615 2568 813 2649 quinqueviri:
835 2588 892 2643 qua
908 2564 1123 2625 continuatione

348 2648 396 2720 fit,
419 2663 452 2709 ut
473 2652 582 2710 diutius
604 2654 823 2730 in'magistratu
844 2652 916 2724 sint,
943 2672 1030 2726 quam
1052 2648 1123 2706 reli·

345 2736 395 2813 qni
416 2756 518 2795 omnes
540 2738 571 2794 in
593 2740 695 2797 eadem
712 2738 881 2815 republica3
917 2735 1123 2811 oligarehicnm

345 2821 422 2879 enim
437 2836 491 2897 est,
512 2844 668 2903 prorogare
681 2825 737 2882 sibi
760 2823 880 2900 imperia
903 2834 933 2881 et
953 2821 1123 2879 continuare

346 2907 538 2981 magistratus.
582 2910 635 2967 His
658 2910 745 2987 igitur
766 2910 879 2975 duabus
900 2908 930 2963 in
953 2907 1040 2964 rebus
1057 2928 1122 2963 res-

255 3066 258 3079 ·
344 2990 460 3071 publica
483 2994 727 3069 Carthaginiensis
748 2997 785 3051 ad
807 3012 964 3073 pancorum
986 2991 1124 3049 domin'e-

299 3120 301 3126 ·
347 3088 409 3139 turn
438 3078 537 3155 potius
565 3100 655 3157 quarn
684 3081 724 3138 ad
745 3080 922 3157 optimorum
940 3077 1122 3138 dominatio-

344 3175 562 3243 nem—spectare
583 3165 735 3225 videtur.“
752 3197 796 3209 -
838 3168 915 3223 llaec
936 3163 1121 3238 mag‘strntns

297 3276 302 3286 ·
345 3245 523 3307 continuatio
552 3270 586 3308 eo
621 3251 710 3327 magis
732 3250 769 3309 ad
790 3271 948 3327 pancorum
969 3248 1121 3327 principa-

344 3344 406 3391 tum
428 3334 535 3409 vergit,
569 3337 652 3411 quod
678 3334 879 3413 quinqueuiri,
900 3355 972 3414 oum
995 3354 1032 3391 ex
1049 3351 1121 3411 pro-

344 3418 446 3495 vinciis
466 3431 503 3479 -et
531 3421 648 3501 oppidis
677 3422 796 3497 regressi
820 3434 931 3493 essent,
962 3420 1068 3480 iterum
1087 3420 1122 3475 in
