2484 4334
360 320 641 436 “..n-

124 521 202 588 sitia
231 507 401 614 quaedam!
424 521 467 588 ad
497 523 743 614 rempublicam
776 524 981 613 pertinentia

124 640 340 726 exsequenda
357 640 405 724 i).
421 676 466 694 ·-
992 731 995 736 .

209 758 413 825 Aristotcles
434 741 506 825 non
528 757 637 827 utitur
655 755 721 830 hoc
744 758 847 829 verbo
865 758 902 828 in
918 762 979 829 de·

125 875 307 964 scriptione
319 876 527 965 reipublicae
540 878 728 944 Laconicae
749 890 783 944 et
798 878 978 961 Cretensis,
1025 903 1026 906 ¹

125 993 185 1060 sed
211 1006 343 1064 tantum
370 996 409 1062 in
431 995 499 1062 »hac
521 992 810 1082 Carthaginiensis
833 983 978 1064 civitatis
1030 986 1034 1000 ’

124 1113 348 1182 enarratione.
407 1112 541 1199 Quodsi
576 1113 803 1180 existimasset
836 1089 979 1184 eandem

111 1231 354 1321 xconditionem
382 1254 454 1298 esse
474 1231 693 1298 sodalitatum
716 1221 978 1318 Carthaginien-

125 1349 230 1425 sium,
258 1373 347 1438 quae
374 1349 479 1417 fuerit
503 1329 725 1416 Cretensium
750 1361 785 1416 et
804 1349 978 1415 Lacedae-
1005 1376 1008 1386 ·

35 1484 39 1491 ’
124 1467 339 1535 munierum:
368 1467 434 1534 hoc
455 1469 599 1541 verbum
619 1480 712 1542 certe
733 1487 803 1534 nou
824 1466 977 1532 addidis-

124 1595 178 1650 set
192 1583 424 1674 philosophus,
444 1587 503 1677 qui
516 1586 642 1675 ubique
652 1608 786 1676 semper
797 1580 933 1662 nimia
943 1609 987 1682 m.

122 1701 324 1770 brevitatem
352 1715 510 1770 sectatur.
558 1707 687 1792 Itaque¹
707 1703 892 1772 discrimen
912 1697 990 1768 ali-¹
1077 1730 1082 1737 .,

121 1818 214 1905 quod
231 1820 350 1887 statuit
368 1821 458 1888 inter
479 1823 631 1895 conuictu
653 1822 724 1890 sola
746 1833 779 1888 et
792 1821 883 1888 inter
898 1843 980 1890 nvn*
1031 1887 1033 1890 .
1066 1887 1068 1890 .

121 1937 217 2006 σι’τια
246 1937 318 2009 τῶν
338 1935 507 2024 ἑταιριῶν.
556 1941 634 2008 Hoc
661 1959 712 2004 eo·
732 1936 838 2022 magis
859 1936 979 2010 elucet,

122 2076 204 2121 ctun
225 2052 345 2142 quinto
364 2053 590 2123 Politiooruur
609 2055 699 2122 libro
713 2055 750 2140 2)
776 2051 842 2120 tria
854 2051 978 2120 distin-

120 2257 331 2274 m

146 2410 183 2496 ι)
202 2371 405 2492 Hsuciplex
425 2414 506 2474 umbi
520 2414 564 2473 vis
579 2415 792 2480 demonstratur
806 2413 977 2493 quam-plu-

208 2499 289 2556 rimis
309 2500 480 2578 scriptorum
495 2498 584 2572 locis,
601 2522 626 2558 e.
641 2519 667 2576 g.
690 2499 824 2579 Thucyd.
845 2499 904 2570 III,
925 2504 975 2560 82.

208 2585 313 2643 Athen.
342 2586 408 2642 Lib.
431 2586 523 2659 xm,
549 2590 621 2669 572.
651 2587 683 2643 Β.
704 2585 822 2644 Aristid.
844 2597 915 2644 orat.
937 2583 974 2643 V.
1044 2631 1048 2640 ,

195 2672 286 2730 ·ι..ι
314 2667 366 2732 55
389 2671 523 2744 (uersi.)
544 2701 587 2732 -,-
636 2671 756 2752 nisan
778 2672 869 2746 xix,
892 2671 923 2729 5.
945 2671 975 2729 5.
1085 2661 1088 2665 ’

205 2759 328 2834 Dionys.
356 2756 448 2814 Halic.
468 2756 549 2815 Antt.
575 2756 665 2829 VIII,
686 2778 716 2834 Ρ.
739 2757 813 2818 506
848 2753 975 2838 Appiae.

207 2845 239 2901 B.
269 2845 305 2904 Ct
334 2842 379 2899 III
384 2844 469 2917 ,.75
496 2840 568 2899 Plat.
596 2843 628 2899 in
653 2799 774 2897 ΤΙιιιιι.
796 2861 828 2918 Ρ.
855 2836 953 2900 162.
944 2859 975 2895 m

208 2933 294 3004 Legg.
323 2929 383 2998 tx,
411 2949 442 3006 Ρ.
464 2923 537 2987 856.
574 2925 606 2983 in
631 2927 758 3004 Republ.
777 2929 819 2998 ΙΙ,
847 2947 880 3005 Ρ.
902 2923 975 2987 365

206 3020 324 3074 Isocrnt.
339 3013 376 3069 de
390 3013 449 3088 big.
463 3013 536 3075 348.
557 3010 599 3070 Α.
607 3011 711 3090 steph.
731 3010 801 3085 vid.
822 2994 974 3070 Lobeck

209 3102 246 3158 ad
276 3098 411 3177 Sophocl.
443 3097 490 3156 Αἱ.
514 3100 594 3168 682,
623 3121 656 3178 Ρ.
679 3103 749 3160 322·
780 3098 867 3168 Diod.
889 3099 974 3152 Exco.

207 3189 243 3243 Τ.
264 3184 310 3254 113
331 3206 360 3260 p·
383 3183 454 3246 556.
483 3183 628 3240 Plutarch.
652 3183 690 3244 V.
711 3182 819 3260 Poplic.
841 3184 876 3237 Τ.
899 3183 922 3236 Ι.
944 3199 975 3256 Ρ.

213 3274 289 3342 1083
311 3267 412 3328 Pericl.
429 3287 458 3346 9.
480 3270 622 3346 Lysandr.
646 3275 692 3332 13.
715 3268 820 3326 Suidas
844 3267 900 3324 sub
922 3267 975 3322 hac

200 3376 277 3433 ,voce
300 3357 347 3412 nd.
366 3355 487 3428 Jiustcr.
506 3375 534 3432 p.
560 3355 631 3434 876.

144 3477 184 3549 a)
206 3493 230 3533 c.
253 3493 292 3551 9,
311 3490 342 3532 ι.
589 3445 600 3462 ’
