2484 4334
619 359 786 447 ...219-
826 426 830 433 .

352 532 546 636 πνιύμᾳτι,
578 536 629 614 ὥν
659 537 719 612 καὶ
750 535 938 613 κοινωνίαν
952 566 954 575 ’
961 536 1139 636 μεγίστην

276 780 336 817 nou
356 777 446 835 nego,
472 756 524 816 sed
544 744 672 833 vulgaris

275 845 354 904 notio
374 844 522 902 meliorem
553 864 671 901 sensum

273 931 392 989 exhibet
418 942 446 991 et
474 930 584 1028 optime
603 938 671 987 cdur

275 1015 376 1075 ceteris
392 1017 531 1091 congruit.
553 1007 603 1077 H
611 1035 671 1091 φο

275 1092 319 1182 od
348 1096 405 1162 τοῦ
435 1094 552 1179 κούφου
573 1092 670 1161 nacti-¹

273 1208 368 1264 ματος
399 1201 443 1246 est
468 1188 542 1247 levis
579 1186 668 1259 animi

273 1274 398 1352 impetus
406 1293 415 1348 3
443 1273 531 1348 igitur
550 1285 669 1332 senten-

272 1358 327 1417 tia:
348 1377 408 1415 nou
431 1371 464 1415 ut
477 1358 687 1415 Athenienses·

271 1464 288 1498 a
309 1442 412 1518 quovis
434 1442 507 1502 levis
525 1456 555 1500 et
569 1443 668 1501 mobi

270 1528 306 1585 lis
328 1526 416 1583 animi
437 1528 562 1628 impetu
569 1528 668 1607 rapie-

270 1614 384 1673 bantur.
404 1642 448 1657 -
474 1605 583 1693 Πρός
614 1608 669 1694 τῷ

269 1688 446 1777 dulculata.-
485 1700 520 1756 ad
544 1700 668 1771 maturi,-

270 1798 358 1844 tatem
378 1783 475 1856 illam,
510 1782 556 1864 (i.
579 1806 603 1843 e.
628 1763 665 1843 ad

269 1870 379 1929 solidae
401 1870 504 1927 ruentia
534 1882 562 1928 et
595 1874 683 1949 col-¹

269 1956 350 2031 poris
380 1958 493 2014 robusti
517 1949 663 2037 indolem)

269 2061 342 2115 quae
362 2040 400 2097 iis
421 2062 486 2099 cum
518 2042 666 2099 Laccdae-

269 2126 372 2181 moniis
400 2126 555 2206 (tartara)
582 2129 663 2184 com-

268 2210 365 2283 munia
396 2223 475 2283 crat,
510 2213 666 2270 accedebat

268 2289 666 2379 quoqueAtbenieusium(rd

178 2414 182 2423 ·
266 2370 403 2458 θερμόν)
442 2381 537 2439 fervor
565 2393 593 2439 et
612 2383 669 2439 iu-

267 2464 344 2540 genii
372 2466 513 2524 alacritas.
567 2468 663 2526 Meta-

213 2616 224 2626 ,
266 2548 358 2629 phora
379 2547 396 2609 a
419 2548 561 2610 fructibus
582 2552 663 2631 peti-

267 2648 297 2696 ta
334 2643 395 2710 est,'
434 2637 486 2714 qui
519 2638 603 2717 pleni
629 2649 663 2696 et

160 2796 164 2802 .
265 2741 365 2795 graves
399 2736 480 2795 sunt,
521 2742 587 2781 cum
622 2723 661 2781 ad

268 2809 528 2865 maturitatem
554 2828 661 2887 perue-

265 2905 379 2951 nerunt.
411 2892 538 2973 Καρποῖ
556 2891 661 2975 μεστοί

264 2978 399 3035 dicuntur
421 2980 540 3054 fruges,
583 3000 680 3056 qua-r

263 3084 329 3121 rum
348 3062 480 3122 'folliculi
511 3066 607 3139 granis
631 3077 659 3123 et

263 3148 425 3207 seminibus
446 3167 533 3226 quam
557 3150 659 3229 copid-

214 3284 219 3297 ,
262 3234 300 3291 sis
322 3235 419 3293 referti
437 3246 519 3307 sunt,
553 3248 585 3293 ut
606 3258 658 3293 ca-

252 3316 319 3397 ‘pita
340 3320 491 3398 papaveris
502 3366 512 3394 ‚
535 3320 658 3397 siliquae

262 3416 318 3463 etc.
361 3405 489 3487 Καρποὶ
531 3406 657 3487 alnaria

737 776 822 837 gnam
843 753 1065 817 foecunditatem
1082 775 1137 814 so-

736 843 807 914 lidi,
832 834 955 939 g'randes
976 852 1136 916 etgraves.

738 928 833 987 simili
867 927 978 987 ratione
1022 924 1135 1007 δένδρα

737 1008 916 1072 dicuutur’'
893 1032 1036 1086 ασεισια,
1058 1033 1134 1091 quac

735 1100 882 1158 radicibus
926 1098 1062 1157 tenaciter
1104 1110 1135 1155 et

734 1187 791 1247 alte
812 1186 873 1244 solo
895 1184 1134 1257 adbaerent‚‘id-

735 1278 827 1349 eoqu'e
846 1271 940 1329 ventis
969 1284 997 1328 et
1017 1283 1133 1349 tempe-

728 1357 857 1415 'statibus
868 1356 947 1414 haud
956 1356 1042 1413 facile
1055 1374 1133 1412 cou-
1152 1364 1156 1375 '

734 1442 793 1521 cuti
825 1454 854 1499 et
881 1442 974 1519 frangi
1008 1452 1132 1527 queunt

709 1522 713 1529 ’
733 1531 798 1588 Non
802 1518 1132 1585 difficileestbancrue-

732 1612 884 1692 taphorarn
908 1615 945 1670 ad
961 1634 1053 1670 mores
1068 1616 1131 1670 La-

732 1699 980 1757 cedaemoniorum
1001 1710 1029 1754 et
1051 1700 1133 1755 Car-

731 1784 951 1859 thaginiensium
963 1782 1133 1857 transferre,

732 1890 807 1947 quae
828 1870 866 1926 ad
888 1868 975 1927 inimi
992 1881 1132 1927 constan-

732 1956 818 2027 tiam,
854 1955 1031 2027 firmitatem,
1060 1972 1131 2030 gra-

729 2041 849 2101 uitatem
876 2043 1026 2117 pertinet,
1070 2058 1142 2119 que·

721 2146 790 2205 jnou
804 2126 928 2205 praediti
942 2138 1022 2183 eraut
1034 2122 1130 2183 'Athe-

731 2212 863 2286 nienses,
891 2212 941 2288 qui
964 2212 1060 2270 animo
1081 2211 1129 2267 le-

729 2316 781 2356 ves
804 2310 885 2354 crant
905 2288 966 2377 (cd
983 2288 1129 2359 ἕπιπολᾶ·

725 2382 801 2459 ἴον)
825 2396 853 2440 et
872 2384 909 2439 ad
931 2384 1035 2441 fastum
1054 2402 1128 2462 pm-

690 2510 693 2517 „
716 2468 825 2549 ‘pensi
844 2466 991 2548 prbcaces,
1011 2469 1126 2545 ingenio

729 2554 915 2635 praecipites,
947 2568 975 2612 ct
1001 2566 1126 2612 temera-

729 2640 772 2697 rio
783 2640 871 2696 animi
885 2640 994 2717 impetu
1006 2634 1125 2725 (κουφῳ

729 2718 1018 2806 maudrubatium),
1041 2728 1125 2785 ideo-

729 2831 814 2888 quea
827 2811 1032 2891 cupiditatibus
1046 2824 1125 2870 tam-

727 2916 814 2973 quam
836 2918 851 2953 a
874 2896 1017 2955 levissimo
1048 2920 1125 2975 quo-

727 3002 785 3057 que
813 2994 900 3041 vento
929 2981 1125 3059 agitabantur,

726 3078 755 3125 et
774 3068 811 3125 ad
833 3066 986 3144 quodlibet
1004 3070 1124 3127 consili-

726 3171 776 3209 um
785 3153 870 3211 facile
878 3154 1123 3214 abstrahebantur.
1210 3214 1211 3221 ,

724 3237 815 3313 Igitur
834 3240 1123 3298 PoeuiAtbeniensi-
1210 3238 1211 3241 ¹

724 3320 779 3381 bus
792 3325 1121 3403 praestabantconstan-

722 3408 761 3465 tia
784 3422 813 3467 et
829 3410 990 3488 pertinacia
1000 3411 1032 3469 in
1049 3432 1121 3469 cou-

261 3490 512 3581 cantitamus,
534 3490 572 3551 ob
589 3512 655 3552 ma·
719 3492 791 3553 alliis
800 3488 1121 3573 exsequenda-“Re
1206 3556 1207 3559 ,
