2484 4334
554 333 574 395 5

132 503 275 590 planare
298 519 395 592 atque
409 509 621 590 confirmare,
644 523 678 578 et
688 487 881 602 philosophi
893 537 992 604 pres-

134 641 209 686 sam
231 623 420 727 orationem
442 640 476 693 et
504 630 748 698 sententiarum
776 615 990 698 concinnita-

133 748 204 804 tem
230 735 425 828 'diligentius
453 748 645 836 explicare,
681 761 716 814 et
744 753 824 814 tunc
854 749 991 815 demum

135 855 177 922 ad
208 860 419 927 coniecturas
452 865 652 952 confugere,
691 887 771 930 cum
799 866 893 932 nulla
924 866 991 932 alia

133 974 221 1041 ratio
249 977 401 1045 inveniri
427 997 558 1070 posset,
589 989 808 1076 qnae==lucem
828 986 903 1050 loco
925 1006 990 1075 pro

132 1092 318 1180 depravato
331 1099 448 1165 habito
462 1101 612 1171 afferret.
645 1107 701 1172 ‘Ea
716 1106 807 1171 enim
822 1115 873 1170 est
886 1101 988 1166 huius
1057 1103 1059 1111 '

131 1210 367 1302 descriptionis
387 1217 626 1300 Aristotelicae
648 1219 795 1305 indoles,
817 1233 856 1287 ut
872 1241 988 1286 sensus
1061 1275 1063 1284 a
1100 1237 1103 1248 ·

106 1423 109 1439 Ι
130 1351 204 1393 non
226 1332 292 1398 nisi
314 1335 437 1402 acriter
457 1341 641 1428 pugnando
657 1354 691 1407 et
705 1337 890 1408 refellendo
906 1357 990 1400 con-

131 1449 227 1513 stitui
240 1452 376 1566 possit,
406 1457 497 1543 quod
530 1459 597 1524 alio
619 1457 722 1524 modo
751 1457 828 1524 fieri
859 1451 987 1542 nequit,
1039 1480 1043 1487 ·

131 1589 236 1654 quam
266 1581 307 1634 ut
326 1573 511 1639 verborum
532 1575 732 1662 significatio
754 1573 933 1662 singularis
955 1581 989 1634 et

90 1709 94 1715 ’
129 1686 309 1790 Aristoteli
324 1675 502 1780 peculiaris
516 1692 778 1773 demonstretur,
801 1688 988 1759 accuratior

129 1808 377 1874 sententiarum
398 1809 636 1899 interpretatio
658 1811 857 1876 adhibeatur
873 1813 908 1897 et
923 1827 986 1892 gu·

127 1925 337 1989 bemationis
368 1925 549 2014 descriptio
579 1927 745 2016 exemplis
775 1949 819 1992 ex
846 1901 987 1989 historia
1066 1976 1072 1981 .

119 2039 316 2128 'depromtis
342 2041 542 2106 illustretur.
594 2041 660 2108 Sed
682 2041 818 2107 ethaeo
839 2038 988 2106 admini-

42 2196 48 2204 ·
127 2159 208 2224 cula
229 2159 324 2223 omni
344 2183 423 2225 cum
440 2150 619 2246 'diligentia
641 2160 792 2229 adhibita
811 2183 883 2226 non
911 2180 987 2234 om<

128 2299 189 2342 nes
210 2278 436 2343 removebunt
457 2277 691 2360 difficultates,
711 2279 833 2368 quibus
853 2277 987 2344 laborat

129 2395 324 2462 Aristotelis
355 2379 525 2477 esmant
555 2397 762 2486 reipubncae
802 2392 986 2480 samaga-

128 2512 274 2594 niensis,
303 2514 342 2578 in
371 2537 439 2601 qua
473 2512 693 2602 desenlsenda
714 2523 849 2581 tantum
866 2509 986 2591 abfuit,
1080 2545 1083 2554 ,

128 2643 169 2698 ut
198 2646 469 2698 consummatam
492 2631 593 2698 huius
623 2632 768 2699 civitatis
800 2607 985 2716 imaginem

130 2747 312 2837 depingere
339 2738 472 2830 vellet‚‘
488 2763 540 2815 ut·
559 2773 604 2813 ne
633 2761 826 2815 accuratam
850 2743 985 2834 quidem

129 2867 423 2932 adumbrationem
444 2866 616 2932 delineare
637 2864 675 2931 in
698 2865 813 2931 animo
828 2864 985 2930 ‘haberet

128 2983 339 3074 Diligentem
360 2984 454 3050 enim
475 2997 509 3051 et
516 2984 710 3073 perfectam
724 2979 997 3072 descriptionem

125 3103 281 3169 ‘omnium
294 3100 486 3184 civitatum,
510 3124 656 3190 quarum
670 3101 882 3196 gubernandi
896 3099 984 3167 ratio

115 3222 321 3317 “memoratu
352 3219 454 3305 digna
481 3234 586 3303 esset,
615 3222 819 3289 Aristoteles
841 3217 986 3287 absolvit
1037 3259 1041 3272 x

123 3339 216 3407 libro
237 3336 405 3426 singulari
416 3336 496 3425 moi
514 3337 584 3410 τῶν
602 3340 798 3427 πολιτειῶν,
825 3360 922 3426 quem
944 3336 985 3402 ad

127 3479 191 3524 nos
225 3479 297 3524 non
325 3455 520 3556 pervenisse
553 3458 772 3526 vehementer
802 3454 985 3523 dolendum
1025 3441 1027 3452 ¹
1059 3525 1064 3532 .
