2484 4334
697 408 739 471 98

293 584 410 653 ornari
437 582 710 651 decreverunt,
729 583 819 668 Qui
864 592 981 649 eutem
1024 583 1151 662 honor,

292 704 426 791 quodve
446 723 573 777 munna
588 700 744 771 inveniri
758 713 908 792 poterat,
928 698 1020 789 quod
1034 700 1153 767 excel-

291 822 374 891 lenti
382 823 457 891 viro
470 820 714 910 etimperatori
724 791 947 887 deferendum
957 801 1065 885 esset?
1081 821 1153 886 Sue

292 924 589 1028 fetis-magistratu
599 940 669 1005 iam
690 938 831 1005 functus
846 948 942 1023 ‘erat3
963 940 1002 1004 in
1016 940 1152 1027 Hispa-2

213 1097 215 1105 ·
257 1054 259 1059 ’
292 1061 368 1142 nie,
390 1060 428 1126 in
448 1060 561 1139 Italia,
584 1058 622 1124 in
643 1054 952 1132 Africasummum
965 1048 1153 1146 imperinm

192 1188 195 1205 '
292 1178 506 1257 obtinuerat,
540 1190 574 1243 et
601 1176 880 1265 procurationem
906 1174 1032 1267 barum
1065 1198 1152 1263 pro-

291 1296 483 1371 vinciarum
522 1294 624 1363 etiam
654 1295 972 1373 administraverat,
1000 1288 1152 1381 ideoque
1182 1302 1186 1305 ’

293 1426 476 1502 utrumque
497 1414 734 1501 magistratum
749 1425 905 1499 gesserat,
927 1393 1151 1500 quemaRoe

238 1520 240 1531 ¹
291 1535 401 1599 manis
439 1533 660 1622 scriptoribus
689 1532 894 1597 dictaturam
924 1531 1059 1599 dictam·
1078 1556 1151 1599 esse

292 1676 396 1741 snpra
417 1649 663 1719 demonstravi.
713 1650 748 1716 Si
762 1649 869 1736 igitur
880 1651 1061 1719 Hannibal
1073 1677 1151 1721 am,
1194 1728 1207 1743 x

131 1808 135 1815 .
191 1767 197 1775 '
291 1769 393 1857 pliori
423 1782 458 1836 et
477 1768 657 1857 insigniori
677 1768 810 1835 honore
831 1768 1032 1844 afficiendus
1055 1783 1150 1853 esset,

291 1884 587 1976 carthaginienses
618 1910 777 1954 novum
807 1899 842 1952 et
865 1890 984 1955 ceteris
1016 1891 1149 1957 maio-

290 2028 374 2072 rem
395 1981 635 2094 magistratum
661 2006 865 2073 constituere
888 1988 1056 2118 oportuit,
1082 2030 1150 2093 quo

288 2124 418 2189 meritis
439 2124 700 2211 praeclarissimi
721 2124 816 2190 ducis
836 2124 963 2191 iustam
976 2122 1150 2210 quandam
1210 2209 1213 2218 1

290 2240 494 2328 praeberent
523 2242 805 2311 aestimationem.
848 2246 967 2331 Itaque
987 2241 1150 2309 inventus

209 2384 211 2389 ·
289 2369 339 2421 est
360 2378 496 2425 novus
530 2371 563 2424 et
591 2360 731 2427 maior
757 2362 992 2448 magistratus,
1027 2361 1149 2453 quiin

287 2477 503 2565 proouranda
534 2489 606 2544 tota
628 2478 784 2557 civitate,
812 2480 850 2545 in
871 2504 1006 2547 summa
1025 2496 1149 2551 auoto-

287 2592 385 2659 ritate
417 2596 627 2679 exercenda,
661 2596 701 2663 in
730 2622 881 2690 summa¹
900 2601 1151 2687 gubernatione

287 2710 494 2783 moderanda
524 2728 732 2785 cerneretur.
781 2719 882 2785 ¹Cum
914 2720 1006 2785 enim
1034 2702 1148 2808 neque

287 2823 435 2901 conditio
469 2854 580 2914 neque
613 2809 711 2915 paola
744 2835 869 2901 Poenis
909 2806 1148 2925 permitterent
1239 2835 1241 2928 s

158 2946 161 2957 '
236 2940 373 3006 ·bella
385 2964 513 3028 gerere,
527 2944 734 3028 Hannibalis
749 2946 997 3014 administratio
1010 2960 1145 3039 tantum
1237 3037 1238 3046 ἵ

275 3056 321 3123 in
343 3060 454 3148 patria
477 3063 957 3153 servanda·versari'poterat,
978 3065 1016 3131 in
1039 3068 1146 3159 inris-

284 3176 428 3260 diotione
444 3180 668 3260 emendanda,
688 3181 727 3246 in
748 3182 937 3248 ordinanda
957 3188 1146 3275 republica,

270 3293 320 3357 'in
340 3295 560 3383 vectigalibus
581 3298 755 3387 cogendis,
794 3301 1051 3387 distribuendis,
1085 3307 1145 3372 in-

283 3390 470 3481 stituendis.
524 3418 626 3483 Haec
660 3406 777 3499 autem
806 3418 919 3485 officia
951 3423 1068 3492 omnia
1101 3426 1145 3489 ad

282 3528 558 3612 gubernationem
571 3533 716 3628 civilem,
727 3537 911 3624 pertinent,
933 3540 1023 3627 quod
1038 3543 1145 3613 etiam
