2484 4334
123 522 163 573 ea
190 519 324 573 tantum
350 503 433 575 vitia
462 504 672 597 reipublicae
691 505 981 594 Carthaginiensis

122 624 245 691 referri
266 624 404 709 debent,
426 647 513 712 quae
532 626 573 693 in
594 624 713 692 ceteris
729 646 870 713 quoque
891 624 980 691 civi-

122 742 253 827 tatibus
269 743 500 813 intentantur.
544 743 584 811 Id
605 752 701 832 patet
721 765 767 809 cx
787 742 901 809 addito
923 737 982 824 ἄν,

122 860 213 949 quod
233 862 271 930 in
292 837 472 954 participio
491 875 531 929 ut
551 862 590 960 in
610 873 763 950 ternpore
775 860 873 931 linito
888 856 984 938 modi

10 970 13 979 ’
118 980 267 1068 ,optativi
289 981 362 1047 vim
384 993 507 1073 servat.
551 980 669 1067 Quam
681 980 901 1072 vehementer
915 1001 981 1061 aur

121 1108 192 1163 tem
216 1096 300 1163 haec
330 1110 448 1164 nostra
478 1097 704 1167 concludendi
724 1096 813 1162 ratio
835 1098 878 1162 ab
897 1098 983 1163 alio-

121 1182 209 1303 riun
222 1215 497 1313 :ratiocinatione
523 1215 679 1296 differat,
711 1213 814 1297 facile
842 1214 983 1303 quisque

120 1332 290 1421 intelligit.
332 1333 369 1399 Si
390 1334 482 1399 enim
505 1329 838 1419 Carthaginiensium
859 1356 983 1423 respu-
1049 1367 1053 1378 ·

120 1450 210 1517 blica
238 1451 434 1541 piurima
461 1452 546 1541 vitia
580 1462 772 1543 ceterarum
807 1450 983 1520 civitatum

120 1566 262 1644 habeat,
296 1580 330 1633 et
361 1572 469 1635 multa
505 1580 682 1677 praeterea
717 1562 874 1656 propria}
904 1570 985 1660 ¹citus

119 1685 327 1793 praestantia
348 1697 381 1750 et
403 1686 511 1771 gloria
533 1686 685 1777 profecto
702 1674 801 1749 valde
814 1682 917 1751 dubia
934 1694 985 1753 est

120 1813 157 1866 et
176 1802 304 1884 inanis3
334 1803 389 1910 sin
418 1814 533 1869 antem
554 1803 738 1869 eiusmodi
740 1800 827 1867 vitia
845 1802 884 1867 in
908 1800 986 1869 Pu·-

119 1919 200 1987 nica
233 1915 389 2001 civitate,
424 1919 621 2007 ceteroquin
649 1917 768 1984 multis
801 1920 985 2006 praeclaris

76 2056 82 2063 ·
118 2036 286 2105 institutis
307 2036 454 2125 insigni,
474 2038 717 2116 inveniantur,
745 2058 834 2125 quae
855 2028 901 2103 ert
921 2036 985 2101 ab·
1034 2094 1039 2103 .

120 2154 295 2231 erratione
315 2178 345 2221 a
374 2156 555 2245 principali
577 2157 653 2259 ,line
667 2154 878 2242 „legislatoris
909 2166 985 2223 orta

119 2273 212 2353 sint,
229 2274 307 2349 licet
319 2275 471 2396 propria
492 2277 617 2369 aliqua
617 2275 798 2350 accedant
816 2284 903 2369 tum
908 2296 986 2343 om-

121 2389 205 2456 nino
226 2370 320 2458 locus
344 2416 415 2459 esse
437 2384 592 2497 potest
573 2394 668 2461 laudi
682 2370 985 2492 etpraetlicationi.

196 2502 425 2587 Ἢιόθεσιςὴ.
436 2514 460 2577 1.
453 2536 585 2600 .ncque
597 2508 741 2589 σκοπόν,
756 2506 837 2596 ὅρον
852 2506 985 2594 signifi-

123 2636 191 2708 cat,‘
203 2648 315 2719 neque
328 2630 618 2731 suppositionem,
623 2624 985 2748 sed⁴principium,

121 2744 464 2827 consummatam
510 2739 722 2836 speciem,
754 2738 986 2809 constitu-

18 2922 21 2929 .
121 2859 290 2930 tionem
317 2864 635 2953 principalem,
670 2881 759 2948 quae
784 2860 986 2945 legislatoris

123 2976 240 3044 animo
251 2978 507 3066 obversabatur,
520 3006 600 3051 cum
609 2979 815 3069 optimatum
824 2978 987 3066 etP⁰P¹lli

123 3216 255 3283 nitivus
274 3217 357 3287 coia
365 3216 403 3287 ’δέ
421 3229 475 3283 est
494 3216 707 3306 partitionis,
728 3226 790 3279 aut
803 3212 986 3301 Genitivus
1018 3227 1025 3237 “

124 3344 317 3421 respectus,
341 3356 408 3421 quo
420 3335 556 3403 Graeci
577 3342 679 3425 'saepe
700 3341 847 3399 utuntur
862 3313 903 3397 ut
913 3331 988 3400 Ac·

77 3528 81 3547 Ι
127 3450 283 3517 cusativo
305 3463 490 3543 respectus.
593 3484 595 3489 ·
1010 3434 1016 3443 ⁴

479 3567 645 3585 ...μυ-.-
