2484 4334
525 445 547 506 3
664 387 667 430 f

449 519 623 535 -Ι

106 620 353 689 ministrandae
374 620 543 709 rationetn
565 619 753 710 descripsit.
794 617 876 706 Qui
896 616 962 707 igi-
1043 697 1049 715 N

106 754 165 808 tur
196 718 392 808 accuratam
427 739 656 826 cognitionem
690 737 793 809 huius
829 739 964 832 imperii
993 793 996 801 t

109 859 174 926 sibi
194 879 397 948 comparare
417 859 526 936 volet,
556 882 601 924 ex
620 857 687 923 hoo
708 856 803 924 fonte
829 857 966 925 hauriat
1072 859 1075 872 '

108 995 246 1040 necesse
275 988 336 1042 est.
392 975 506 1064 Quam
542 975 693 1066 difficilis
729 989 844 1042 autem
881 977 966 1061 haec

109 1068 259 1179 cognitio
281 1093 335 1177 sit,
355 1095 413 1160 vel
433 1117 478 1160 ex
500 1117 540 1159 eo
561 1094 705 1181 intelligi
725 1107 854 1185 potest,
877 1095 966 1184 quod
1040 1155 1041 1162 ,

108 1232 183 1276 non
206 1212 317 1278 solum
343 1211 484 1301 plurimi
511 1211 969 1303 Politioorumoommenta-

109 1342 203 1394 tores
234 1329 272 1394 in
301 1303 399 1397 textu
428 1329 625 1396 Aristotelis
654 1329 855 1419 explicando
877 1329 969 1396 inter

110 1446 390 1529 sedissentiunt,
412 1447 472 1514 sed
493 1448 597 1514 etiam
619 1447 678 1514 alii
699 1447 766 1515 viri
781 1445 889 1528 docti,
909 1447 969 1535 qui
1027 1471 1029 1476 ·

111 1563 444 1653 Carthaginiensium
466 1588 521 1632 res
543 1577 806 1648 enarraverunt,
830 1553 970 1632 eorurn·
994 1585 997 1590 ’

11 1706 12 1709 “
109 1703 178 1768 que
197 1682 342 1750 civitatis
370 1683 518 1751 formam
540 1695 792 1772 exposuerunt,
823 1681 971 1750 tamdi-

110 1821 227 1887 versas
241 1804 426 1868 sententias
441 1814 639 1890 sequuntur,
657 1811 706 1890 nt,
721 1799 751 1866 si
767 1802 842 1889 quis
857 1801 970 1866 denuo

110 1915 156 1980 de
182 1917 250 1998 hau
275 1939 315 1984 re
341 1919 508 1984 disserere
534 1919 574 1982 in
601 1917 717 1982 animo
739 1916 882 1993 habeat,
909 1905 974 1984 vix

110 2032 242 2122 aliquid
263 2034 349 2100 certi
369 2034 552 2099 effecturus
573 2051 646 2098 esse
677 2029 845 2100 videatur.
898 2035 973 2102 Ne-

112 2151 188 2238 gari
217 2150 310 2217 anim
337 2173 410 2218 non
435 2158 568 2242 potest,
599 2148 689 2217 hano
711 2147 972 2241 descriptionem

112 2268 321 2360 reipublicae
338 2268 629 2357 Carthaginiensis
642 2267 733 2336 inter
754 2245 973 2337 difficillimos

112 2388 223 2466 locos,
253 2388 313 2476 q'ui
333 2387 371 2455 in
389 2388 583 2457 Aristotelis
610 2387 772 2478 operibus
791 2382 973 2456 invenian-

113 2515 189 2586 tur,
210 2505 241 2592 *)
273 2493 498 2574 referendam‘
522 2528 613 2591 esse,
648 2507 721 2575 sivo
752 2504 974 2625 expositionis

150 2718 166 2748 1(

166 2707 181 2793 )
200 2713 365 2857 liliddidlris
376 2711 974 2860 lilii:litlllilctisdlllidicrlllrisolioeoprd

204 2885 321 2942 nium
334 2897 442 2986 putat.
478 2877 692 2987 ‚zdyypapna
720 2874 839 2945 ὄσωνὸ
865 2874 975 2984 χρόνος

169 2965 263 3050 μοῖς
283 2964 386 3048 ἐφῆκε
404 2991 440 3032 ro
461 2968 556 3032 πλέον
576 2961 763 3045 δοοοόητον,
791 2969 844 3031 sol
864 2969 898 3033 δι’
917 2963 974 3032 οὔ·
1006 2967 1009 2982 “

137 3101 142 3114 ,
204 3049 262 3131 sols
282 3053 337 3118 τοῦ
357 3050 529 3162 φιλοσόφου
549 3079 605 3132 την
624 3051 748 3157 wasloi?
767 3077 902 3135 φροοιν,
923 3053 977 3118 καὶ
988 3090 992 3110 ι

206 3133 259 3202 διά
280 3164 320 3201 τα
342 3162 478 3224 γραφικα
471 3133 697 3242 σφάλματα,
700 3135 820 3208 τόσον
842 3133 975 3204 πλειό-

207 3245 302 3306 τερα
322 3227 380 3298 εἰς
401 3226 542 3336 τοῦτο,
564 3225 659 3291 ὅσον
665 3221 913 3347 ὀλιγώτερον
934 3246 976 3286 το
1021 3283 1025 3288 .

209 3307 849 3396 οἷονοοῦοαοοὶοἱοτιγροὶςοοντεςέι
856 3306 977 3394 (Quas
1089 3315 1101 3336 '

208 3417 244 3453 eo
266 3399 474 3474 frequentius
465 3420 496 3456 m
517 3401 575 3460 hoc
595 3422 682 3480 opere
695 3398 897 3472 inveniuntur,
919 3419 979 3474 quo

205 3480 302 3540 minus
316 3481 426 3541 librarii
439 3483 644 3561 intellexerint,
665 3505 739 3562 quae
755 3481 979 3564 exscripserint.)
1076 3537 1081 3542 .

205 3568 333 3643 Prolegg.
353 3591 383 3649 p.
411 3592 436 3625 ι.
