2484 4334
689 358 729 422 12

624 421 792 445 ...nh—.-

268 532 543 609 'demo'nstravin
559 532 692 597 maiora
713 511 887 619 praebebit
898 529 1024 597 futuris
1037 554 1135 614 com-,-

198 708 201 716 ,
281 652 525 722 mentatoribus
562 648 741 717 commoda
779 661 813 715 et
838 648 1014 716 meliorem
1041 654 1136 714 viam

280 769 571 861 interpretationis
608 766 828 844 monstrabit,
848 790 973 855 ‘quam
1008 764 1136 854 ubique

187 974 189 981 y
280 896 416 959 lacunas
437 888 555 954 videre
575 898 609 951 et
630 886 839 973 corruptelas
854 885 1136 966 animadvertere.

281 1009 352 1095 Qui
383 1007 475 1073 enim
501 1006 551 1071 ita
581 1004 747 1081 sentiunt,
777 1003 877 1069 facile
913 989 1137 1085 inducuntur,

216 1162 219 1169 »
280 1139 319 1191 ut
330 1138 468 1237 promta
481 1122 589 1191 manu'
600 1124 741 1189 lacunas
755 1123 916 1208 expleant
927 1134 959 1186 et
966 1128 1138 1189 coniectu·

279 1244 326 1310 ris
353 1244 509 1331 amplum
537 1241 686 1329 spatium
707 1238 880 1329 aperiant,
910 1241 1033 1326 quibus
1055 1241 1138 1330 phi-

166 1425 170 1451 (
279 1360 413 1449 Iosophi
440 1358 598 1447 operibus
623 1380 762 1449 parum.
778 1356 975 1424 consulitur.
1032 1359 1138 1444 Quod

280 1479 309 1542 si
328 1478 411 1543 haec
432 1500 548 1543 seeum
568 1488 757 1565 reputasset
776 1476 895 1542 doctus
916 1474 1136 1564 Conringius,

135 1593 138 1604 ’
226 1608 228 1616 ⁴
258 1678 260 1681 ι
278 1596 319 1663 in
340 1595 488 1663 editione
509 1616 571 1659 sua
591 1594 815 1661 Politicorum
833 1618 906 1661 non
927 1590 1046 1684 quavis
1063 1596 1136 1662 fere

281 1715 404 1802 pagina
420 1715 512 1781 locos
535 1712 675 1778 stellulis
697 1728 846 1781 notasset
860 1718 910 1803 *),
931 1727 992 1779 aut
1010 1713 1137 1801 ubique

280 1832 528 1898 sententiarum
544 1816 675 1899 nex‘um
689 1834 918 1900 desiderasset.
961 1834 1033 1923 Qui
1044 1833 1137 1900 enim

122 1972 125 1977 “
226 2038 230 2044 .
278 1970 327 2017 ex
342 1950 407 2015 hac
421 1950 569 2059 editione
583 1952 778 2019 Aristotelis
793 1949 1010 2040 disciplinam
1024 1950 1067 2015 de
1083 1951 1135 2015 ci·

281 2068 442 2134 vitatibus
472 2070 599 2157 optime
624 2070 849 2155 gubernandis
879 2070 1012 2134 hauriri
1038 2093 1137 2159 posse

278 2184 345 2251 sibi
374 2164 597 2273 persuaserit,
625 2186 654 2249 is
675 2187 777 2272 plane
797 2186 1020 2252 deterrebitur
1041 2210 1065 2274 a
1083 2188 1136 2252 le-

282 2302 398 2390 gendis
418 2302 643 2403 Poiiticorum
663 2302 776 2382 fibris,
797 2315 832 2370 et
851 2301 992 2371 omnino
1014 2304 1138 2395 despe-

276 2421 390 2504 rabit,
412 2406 707 2509 operaepretium
729 2444 882 2509 unquam
902 2422 994 2503 fore,
1015 2422 1053 2488 in
1073 2421 1137 2487 hos

281 2538 392 2603 studia
420 2550 453 2604 et
482 2549 616 2627 tempus
645 2538 820 2621 conferre,
851 2561 929 2605 cum
957 2518 1051 2624 nihili
1070 2536 1138 2605 nisi

282 2657 489 2744 fingmento,
515 2655 641 2741 singuli
662 2679 801 2744 versus,
823 2656 989 2723 laceratae
1009 2646 1138 2722 verbo-

273 2777 360 2842 ?runi
385 2774 640 2863 complexiones
666 2782 700 2840 et
725 2774 910 2841 sententiae
942 2780 1139 2866 amputatae
1227 2825 1229 2868 p

282 2892 507 2983 reperiantur.
545 2890 740 2959 Maximum
754 2873 869 2960 auteni
881 2882 1141 2963 incommodum

280 3009 484 3107 philosopho
514 3026 558 3075 ex
588 3033 629 3075 eo
656 3010 786 3091 oritur,
823 3010 916 3097 quod
944 3012 1044 3079 Plato
1064 3009 1140 3075 eius
1199 2997 1229 3080 Ι.

281 3130 349 3197 fuit
371 3140 577 3205 *antecessum
597 3141 632 3194 et
653 3127 855 3195 Aristoteles
878 3129 951 3217 ipse
974 3128 1012 3192 in
1033 3126 1140 3193 refel-

281 3247 381 3314 lendo
408 3256 630 3336 praeceptore
656 3270 718 3311 suo
745 3248 888 3313 lectores
914 3247 1079 3334 provooeit
1104 3258 1140 3310 et

316 3414 346 3500 *)
370 3422 530 3480 Centum
553 3432 588 3479 et
610 3422 889 3501 quinquaginta
911 3387 1139 3497 locds'ejns-
1227 3415 1228 3426 ¹

368 3506 468 3563 modi
490 3504 629 3565 asteriscis
650 3511 758 3575 notarit
779 3522 806 3567 et
829 3507 944 3565 mutilos
965 3510 1089 3590 putarit.
