2484 4334
647 345 812 434 „spu

283 547 289 556 ·
304 523 426 590 nifaste
440 499 627 610 apparebit.
657 522 744 587 Cum
757 519 1064 608 igitur-singularia
1077 525 1164 594 haec

304 642 372 707 sint
390 641 545 707 instituta
567 650 780 726 et,acourate
801 638 1057 725 distinguenda:
1101 665 1165 708 eo-

303 787 383 828 rum
409 759 523 826 officia
550 779 685 846 quoque
713 768 915 844 separentur
943 779 1080 826 necesse
1102 773 1164 839 est,

294 892 337 944 tet
352 877 469 968 quaeri
483 876 599 960 debet,
621 895 792 962 quaenam
806 873 924 940 munia
938 875 1082 962 siugulis
1099 899 1164 942 ex·

302 997 428 1086 plenda
441 993 586 1061 fuerint.
625 990 820 1084 Secundum
837 992 959 1060 Iustini
974 1005 1009 1058 et
1021 993 1163 1059 Aristo-

303 1115 377 1181 telis
406 1111 640 1179 narrationem
675 1121 812 1175 centum
840 1110 906 1176 viri
922 1091 977 1176 'ex
998 1124 1121 1178 senatu
1144 1135 1164 1176 a

303 1228 622 1321 quinqueviratibus
644 1227 873 1312 eligebantur,
900 1239 940 1293 ut
967 1227 1095 1294 iudicia
1122 1230 1163 1294 de

304 1349 445 1416 summis
465 1347 608 1412 ducibus
630 1358 846 1440 exercerent,
867 1344 1075 1434 reipublicae
1096 1359 1184 1434 μέ

303 1440 538 1531 hernationem
559 1464 782 1543 sustinerent,
804 1473 839 1525 et
859 1460 995 1548 negotia
1015 1465 1162 1552 publica,

303 1556 520 1674 potissimum
559 1555 719 1662 externa,
755 1579 1040 1662 administrarent
1097 1584 1161 1650 Sed
1205 1633 1207 1644 ,

303 1702 357 1795 his
371 1699 571 1769 muneribus
591 1698 729 1765 totius
749 1698 897 1764 civitatis
913 1699 1161 1767 administratio

303 1841 376 1884 non
407 1815 620 1899 continetur3
667 1828 772 1882 restat
792 1805 932 1904 'magna
968 1817 1159 1902 officiorum

302 1960 400 2028 pars,
420 1957 510 2022 qnae
529 1911 745 2022 suscipienda
766 1947 847 2000 sunt
868 1957 889 1999 a
907 1936 1159 2022 magistratibus

303 2057 340 2121 in
367 2052 543 2140 republica
570 2051 658 2116 bene
687 2053 889 2135 constituta,
925 2065 960 2120 et
987 2055 1160 2120 Lacedae-

303 2185 405 2238 mone
414 2171 458 2238 ab
470 2167 608 2256 ephoris
617 2191 752 2258 ‹puoque
761 2173 910 2252 exercita
918 2183 1014 2254 sunt3
1027 2173 1159 2239 civilem

302 2284 574 2353 iurisdictionem
595 2285 683 2353 dico.
727 2289 763 2352 Si
783 2289 1010 2377 frequentiam
1031 2290 1159 2358 incola-

201 2416 204 2419 '
303 2427 384 2472 rum
400 2402 621 2500 Carthaffl'nis
635 2425 715 2470 cum
729 2405 855 2472 civium
869 2407 1054 2495 paucitate,
1075 2431 1159 2496 quae

306 2521 563 2589 Lacedaemone
582 2532 678 2602 erat,
699 2521 737 2610 (i.
759 2545 788 2588 e.
808 2545 892 2610 9⁰⁰⁰
912 2527 1158 2613 Spartanorum

302 2662 382 2709 cum
417 2619 546 2728 7ooooo
578 2639 926 2728 Carthaginiensium)
964 2632 1158 2724 contuleris,

302 2761 465 2846 exiguum
480 2757 688 2846 ephororum
705 2779 888 2826 numerum
903 2757 1077 2826 suffecisse
1087 2783 1156 2826 non

193 2860 198 2864 .
301 2877 478 2944 miraberis
483 2928 497 2960 ,
518 2899 633 2964 quum'
648 2876 802 2964 Lycurgi
823 2869 989 2944 institutis*
1007 2889 1043 2943 et
1064 2900 1157 2950 com·
1196 2953 1197 2968 χ

300 2996 399 3061 muni
418 2996 589 3092 bonorum
610 2992 851 3067 distributione
880 2991 1008 3060 multae
1028 3019 1156 3085 oppor-

260 3167 262 3172 .
300 3112 460 3180 tunitates
481 3110 790 3178 controversiarum
804 3125 1106 3201 praecaverentur,
1127 3124 1157 3177 et
1194 3145 1195 3148 ¹

299 3251 379 3297 raro
399 3230 514 3296 civiles
533 3228 610 3295 lites
632 3229 842 3319 disceptandi
863 3229 994 3294 occasio
1014 3231 1155 3297 offerro·

200 3338 205 3351 ’
298 3360 366 3416 tur.
414 3352 480 3414 Sed
509 3369 612 3434 quam
645 3347 777 3415 diversa
804 3346 872 3414 fuit
894 3347 1154 3436 Carthaginien·
1191 3374 1192 3398 1

298 3464 386 3528 sium
403 3463 562 3546 conditio,
584 3489 730 3554 quorum
744 3483 869 3550 magna
881 3487 960 3554 pars
974 3479 1074 3532 erant
1094 3489 1153 3530 ne-
1189 3433 1191 3518 i

1183 3831 1186 3902 i
